1995 2496
377 237 519 284 officina
541 235 756 281 theologiam
779 233 1011 280 dogmaticam
1034 231 1177 278 publice
1198 232 1392 283 docuisset,
1429 239 1587 281 essetque
1612 233 1685 282 jam
1699 241 1845 282 θυμω.

380 298 526 346 genario
551 296 681 344 major,
704 296 802 332 firma
819 294 953 341 jugiter
972 293 1087 329 adhuc
1107 293 1311 331 valetudine
1338 305 1440 336 usus,
1465 306 1571 339 quam
1594 292 1694 336 tueri*
1707 302 1741 332 et
1762 309 1844 332 con-

379 371 516 397 servare
552 364 699 396 noverat
731 355 895 404 prudenti
931 354 1042 391 victus
1077 355 1233 390 ratione:
1268 354 1375 392 sensit
1407 353 1628 400 aliquantum
1654 357 1846 399 *hebescere

380 423 571 458 oculorum
594 420 722 459 aciem,
760 423 795 453 et
817 417 902 455 hinc
924 416 1006 451 inde
1026 416 1196 454 >vacillare
1229 415 1434 463 memoriam
1446 439 1457 458 ,
1475 458 1479 461 .
1494 414 1600 463 cujus.
1617 417 1671 451 rei
1680 419 1847 468 ‘JQPfltu'

380 482 551 524 continuo
575 481 615 518 in
637 490 714 516 eam
734 478 947 525 *opinionem
970 476 1091 520 venit,
1124 487 1330 523 supremum
1358 488 1431 517 non
1453 477 1578 523 procul
1600 476 1721 513 abesse
1736 480 1846 523 diem,

378 549 412 577 et
429 541 575 588 jamjam
598 541 667 575 sihi
689 540 875 582 imminere
884 549 899 581 ,‘
919 538 1152 584 protinusque
1175 538 1346 580 decrevit,
1369 537 1534 576 nuntium
1557 537 1732 573 remittere
1753 539 1846 579 curis

375 602 616 649 professoriis,
649 608 684 638 et
700 601 850 638 obtenta
873 601 1021 637 honesta
1044 598 1212 636 missione
1229 598 1303 633 ‘sibi
1326 599 1479 644 Deoque
1502 598 1570 633 soli
1592 598 1723 645 vivere.
1753 599 1757 604 “
1783 600 1850 635 Ita-

377 674 448 707 que
471 675 528 698 an.
555 663 651 700 1805.
677 664 767 697 rude
791 663 941 696 donatus
964 661 1083 707 coepit
1105 672 1181 697 non
1203 661 1272 696 nisi
1296 665 1450 698 mortem,
1470 660 1622 705 cogitare
1646 666 1680 705 et
1698 667 1849 707 praesto·

375 725 450 759 lari.
511 725 582 760 Sed
606 737 688 762 cum
712 726 799 759 haec
822 735 936 759 moras
960 723 1127 765 traheret,
1161 733 1279 768 neque
1301 722 1467 758 seullibi
1490 722 1637 768 propius
1661 722 1850 759 videndam

376 785 579 830 praeberet:
594 817 597 820 ,
613 786 760 820 advertit
793 784 966 829 paulatim.
996 794 1105 816 senex
1137 783 1367 825 venerabilis,
1402 794 1441 818 se
1474 795 1550 817 non
1585 789 1655 817 tam
1686 783 1854 829 coi-polim

376 856 482 890 quam
507 844 616 878 animi
639 843 857 889 aegritudine
880 842 1016 890 premi;
1046 856 1162 889 ‘quam
1185 849 1225 878 ut
1247 844 1468 890 depelleret,.
1488 850 1549 878 aut
1571 836 1693 880 saltem
1716 843 1853 885 leniret,

377 906 422 939 ad
444 905 588 949 antiqua
611 905 727 938 studia
752 915 931 945 reversus,
951 904 1038 946 legit
1059 904 1251 947 relegitque
1275 909 1432 938 auctores
1457 910 1607 947 veteres,
1630 916 1711 939 cum
1727 915 1851 945 sacros,

376 971 452 999 tum
479 965 665 1011 profanos,
695 971 731 999 et
754 976 891 1000 memor
912 964 1006 997 illius
1030 964 1157 998 moniti
1186 963 1348 997 Tulliani
1358 965 1395 1005 *)
1432 965 1621 1006 „Senectus
1643 975 1720 998 non
1744 964 1849 997 modo

377 1027 567 1069 „languida
592 1032 626 1059 et
649 1025 740 1058 iners
771 1036 845 1058 non
876 1025 943 1065 sit;
979 1035 1106 1058 verum
1139 1024 1244 1058 etiam
1275 1024 1320 1058 sit
1351 1035 1499 1070 operosa
1523 1030 1557 1059 et
1579 1035 1721 1071 semper
1743 1036 1849 1069 agens

373 1085 531 1130 „aliquid
555 1090 590 1120 et
614 1084 781 1126 moliens,
816 1085 883 1118 tale
907 1083 1061 1126 scilicet,
1098 1085 1204 1130 quale
1234 1083 1406 1132 cujusque
1429 1085 1584 1120 studium
1607 1085 1646 1120 in
1668 1086 1848 1132 superiore

371 1145 466 1187 „vita
489 1145 579 1179 fuit”
603 1146 646 1179 de
672 1144 875 1178 inventione
885 1144 1048 1187 pulveris
1070 1144 1170 1188 pyr-ii
1195 1150 1228 1176 et
1252 1145 1527 1179 bombat-darum
1550 1157 1626 1179 non
1648 1147 1747 1179 nulla
1768 1158 1850 1180 con-

374 1204 529 1250 scripsit;
559 1204 689 1239 deinde
721 1203 908 1238 consilium
943 1203 1053 1247 cepit,
1088 1203 1136 1235 M
1141 1205 1344 1238 aratorii
1365 1205 1662 1251 'opus-egregium
1688 1206 1730 1239 de
1753 1205 1851 1255 inge-

376 1266 522 1299 niorum
548 1267 791 1299 moderatione
821 1266 859 1299 in
884 1265 1075 1315 religionis
1100 1265 1247 1315 negotio
1271 1266 1493 1307 contrahere,
1529 1273 1633 1311 atque
1657 1265 1701 1299 ad
1723 1277 1851 1300 aevum

372 1331 532 1360 nostrum
557 1325 667 1370 magis
690 1327 972 1367 accommodare3
999 1338 1083 1360 mox
1108 1327 1277 1371 psalmos,
1310 1338 1398 1370 quos
1420 1325 1689 1370 poenitentiales
1711 1332 1852 1369 vocant,

374 1386 588 1420 carminibus
624 1386 782 1420 reddere.
846 1385 982 1420 Verum
1007 1386 1095 1419 haec
1132 1385 1257 1430 partim
1293 1385 1497 1431 imperfecta
1530 1386 1689 1431 reliquit,
1724 1387 1850 1433 partim

373 1446 435 1480 vix
467 1445 638 1480 inchoata.
686 1444 833 1479 Perfecit
859 1452 975 1479 autem
1000 1455 1129 1479 novam
1153 1445 1342 1479 editionem
1359 1445 1646 1479 commonitorii
1677 1448 1713 1481 S.
1751 1448 1785 1481 V
1792 1448 1851 1480 in-

375 1505 518 1540 cencii
539 1504 738 1538 Lerinen
749 1505 826 1546 sis,
851 1506 1060 1538 Rvnozmo
1083 1505 1244 1539 Austriae
1267 1504 1458 1539 Archiduci
1480 1506 1632 1540 dicatum
1647 1532 1657 1549 ‚
1690 1507 1728 1541 in
1750 1507 1850 1554 cujus

372 1565 600 1611 praefatione
622 1576 704 1598 suos
736 1565 916 1609 quondam
939 1564 1117 1598 auditores
1141 1564 1351 1610 alloquitur,
1385 1564 1499 1610 iisque
1523 1567 1622 1611 quasi
1645 1578 1849 1613 supremum

374 1627 454 1661 vale
486 1626 604 1660 dicens
634 1625 896 1671 praeceptiones
927 1626 1081 1673 impertit
1110 1624 1374 1670 saluberrimas,
1405 1640 1490 1673 quas
1521 1628 1702 1675 excipiunt
1731 1630 1869 1683 prole-l

372 1699 549 1737 gomena,
574 1698 664 1731 quae
689 1687 734 1720 ad
759 1698 848 1731 opus
872 1687 1117 1721 illustrandum
1141 1692 1295 1732 spectare
1319 1688 1544 1730 videbantur,
1569 1689 1753 1732 historica,
1785 1690 1849 1724 cri-

375 1747 459 1787 tica,
483 1745 659 1780 litteraria.
705 1746 819 1791 Ipsius
844 1747 956 1781 libelli
977 1747 1123 1792 singulis
1148 1746 1320 1792 capitibus
1342 1755 1448 1782 notas
1471 1756 1505 1797 e(
1527 1750 1848 1784 animadversiones

372 1805 500 1853 adjecit
524 1807 641 1841 doctas
666 1811 701 1840 et
723 1806 891 1852 copiosas.
955 1808 1135 1842 Postremo
1158 1807 1196 1841 in
1218 1807 1378 1841 animum
1401 1808 1553 1850 induxit,
1576 1816 1845 1844 monumentum

371 1879 504 1913 ponere
528 1867 613 1903 viris
644 1866 861 1911 illustribus,
891 1879 996 1915 supra
1019 1868 1188 1911 laudatis,
1221 1867 1301 1914 qui,
1336 1879 1379 1903 eo
1405 1868 1609 1914 superstite,
1643 1869 1713 1904 sato
1737 1870 1847 1906 functi

414 1997 446 2033 ⁸)
468 1998 498 2028 C
505 1999 517 2026 i
526 2008 543 2027 e
552 2011 569 2028 e
579 2011 599 2029 r
606 2010 626 2030 ο
646 2001 687 2029 de
699 2003 827 2040 ‚senec-t·
847 2007 896 2039 24.
