1995 2496
1611 168 1656 206 13

317 246 434 292 sancti
464 246 732 293 Hieronymi
767 248 808 280 de
836 245 989 295 legendis
1019 253 1052 278 ec
1087 243 1273 278 audiendis
1299 240 1427 288 Ροῖἱίε.
1476 242 1658 287 Opuscula

320 315 463 344 curante
490 309 566 342 Cel
575 316 616 342 te
640 306 773 342 recusa.

184 370 287 404 XIII.
312 368 576 414 Propo-sitiones
604 367 797 402 Nic-olai
823 368 871 401 de
903 368 1037 409 Casa,
1076 367 1297 409 Car-dinalis,
1338 366 1398 400 de:
1439 365 1523 398 Non
1548 361 1659 397 aliud.

317 429 471 470 Accessit
504 431 540 463 C.
572 429 716 463 Celtis
744 440 882 464 carmen
910 431 1070 464 seculare.

184 491 280 529 XIV.
309 491 427 536 Opera
453 491 698 534 Rhoswithae,
721 490 989 526 sanctimonialis
1012 490 1217 535 saxonicae,
1243 490 1386 525 inventa
1411 499 1431 522 a
1462 486 1499 520 C.
1532 486 1661 520 Celte

228 555 231 557 ’
320 560 354 586 et
375 553 498 586 emissa
521 554 557 586 in
581 554 708 586 lucem.

184 611 261 647 XV.
285 612 408 645 Ludus
434 613 588 653 Dianae,
625 612 662 645 in
684 613 830 646 modum
852 614 1070 655 comoediae,
1107 624 1225 647 coram
1259 609 1592 650 Maximiliano
1627 609 1657 642 Ι.

129 660 137 667 “
322 672 412 717 Imp.
436 671 611 706 exhibitus
633 672 753 706 Lincii
778 672 816 706 in
845 684 921 708 arce
944 674 1060 718 Regia.
1180 656 1191 673 ³

185 733 284 769 XVI.
308 732 412 766 Libri
422 733 598 765 Amorum
612 732 679 766 IV.
706 746 794 778 opus
819 734 1028 778 elegiacum,
1048 733 1106 768 cui
1128 738 1209 768 sunt
1229 732 1363 767 adnexa
1386 736 1461 766 tum
1488 729 1655 772 Celtis,

321 798 396 826 tum
420 792 572 825 aliorum
599 794 766 837 opuscula
792 794 963 838 quaedam
988 786 1064 827 aIIa.

187 851 304 890 XVII.
328 852 553 901 Rhapsodia,
577 853 759 886 continens
789 854 912 887 ludum
933 854 1130 895 scenicum,
1153 860 1268 888 actum
1296 853 1451 887 Viennae
1478 858 1656 899 spectante

325 913 561 956 lmperatore;
601 916 634 943 et
666 911 818 944 carmina
843 910 1018 955 juvenum
1047 916 1229 955 poetarum
1263 913 1301 944 in
1322 913 1462 945 laudem
1491 911 1657 953 Caesaris,

328 977 362 1006 et
385 970 557 1005 actionem
588 970 774 1015 gratiarum
800 983 865 1016 pro
887 970 1044 1005 instituto
1069 970 1217 1015 collegio
1233 971 1390 1016 poetico.

169 1031 324 1067 XVIII.
348 1032 405 1064 De
430 1031 574 1066 diversis
599 1031 818 1065 diversorum
841 1030 979 1072 studiis,
1007 1031 1042 1063 C.
1074 1030 1214 1063 Celtis
1235 1042 1373 1074 poema.

189 1092 283 1125 XIX.
312 1091 547 1125 Gantheri
574 1090 792 1140 Ligur-inus,
832 1090 1012 1125 distinctus
1036 1089 1073 1123 in
1098 1089 1207 1124 libros
1229 1091 1272 1124 X.
1301 1091 1344 1124 de
1371 1091 1474 1135 gestis
1503 1091 1656 1126 Fride-

326 1153 419 1187 rici
446 1153 787 1194 Barbarossae,
824 1158 978 1198 repertus
1007 1164 1027 1185 a
1054 1152 1177 1185 celte
1201 1158 1233 1187 ct
1257 1153 1347 1199 typis
1372 1154 1534 1196 vulgatus
1557 1153 1655 1201 Aug.

332 1214 367 1247 V
366 1214 435 1247 ind.
474 1225 477 1229 ·

188 1275 264 1308 XX.
290 1272 507 1317 Melopoeia,
531 1284 620 1318 opus
645 1273 827 1307 musicum.

189 1334 283 1368 XXI.
318 1333 478 1367 Odarum
502 1332 583 1367 libri
606 1333 667 1369 IV.
691 1347 771 1369 cum
795 1332 929 1378 Epodo.

190 1395 304 1427 XXII.
328 1393 642 1442 Epigrammatum
658 1394 742 1427 libri
760 1394 800 1428 V.
817 1394 879 1439 qui
897 1405 991 1428 nunc
1008 1393 1160 1439 primum
1173 1394 1305 1439 publici
1330 1393 1418 1441 juris
1437 1392 1540 1437 fiunt,
1563 1405 1656 1429 com-

326 1453 478 1500 par-itura
504 1454 541 1488 in
565 1455 779 1501 Appendice.
804 1454 837 1492 ⁴¹)

190 1516 325 1550 XXIII.
353 1514 616 1549 Grammaticae
648 1514 801 1550 Graecae
827 1515 1014 1551 institutio.
1064 1516 1165 1559 Opus
1190 1514 1371 1549 ineditum.

190 1573 320 1608 XXIV.
347 1573 536 1616 Epistolae.

191 1631 301 1667 XXV.
329 1631 526 1665 Orationes.

191 1691 320 1729 XXVI.
347 1691 465 1737 Opera
491 1691 527 1724 C.
554 1691 700 1725 Celtis
726 1692 877 1738 reliqua:
902 1694 1097 1739 deperdita,
1121 1695 1307 1739 inchoata,
1328 1694 1516 1740 promissa.

638 1808 671 1841 A
717 1809 744 1841 P
791 1808 819 1842 P
863 1809 894 1843 E
939 1809 974 1842 N
1018 1811 1052 1843 D
1100 1812 1120 1844 Ι
1165 1812 1208 1844 Χ.

193 1889 222 1922 Ι.
248 1886 449 1921 Com-adi
475 1886 620 1921 Celtis
643 1886 932 1934 epigrammatum
956 1889 1038 1924 libri
1062 1890 1105 1927 V.

231 2002 262 2041 *)
283 2003 355 2034 Nisi
376 2003 476 2043 forte,
497 2006 588 2041 quod
607 2013 709 2044 supra
725 2006 853 2045 optavi,
872 2005 1005 2036 seorsim
1025 2008 1173 2037 edantur.
1212 2007 1251 2036 R.
