1995 2496
310 164 364 204 ,14

310 232 359 266 11·
382 229 554 276 Ejusdem
576 223 760 271 epistolae,
785 232 876 268 quae
899 225 1106 267 supersunt5
1131 232 1204 267 quo
1227 221 1412 267 retulimus
1432 226 1536 261 etiam
1552 227 1794 274 praefationes,

451 288 578 335 quibus
601 297 623 320 a
642 284 764 319 Cel-ce
787 282 944 329 inscripti
962 288 1045 317 sunt
1064 282 1149 317 libri
1164 283 1386 330 Principibus
1406 296 1448 319 ac
1472 287 1662 324 illustribus
1679 288 1771 325 viris.

315 354 382 388 111,
415 348 589 394 Diploma
622 346 656 380 F
660 344 702 379 ri
709 344 854 378 det-ici
886 344 973 379 III.
1012 344 1237 390 Imperatoris
1275 345 1320 380 de
1357 345 1627 391 inauguratione
1660 350 1796 397 poetica

458 410 488 444 C
495 422 513 443 e
521 409 536 442 l
545 416 559 442 t
569 408 583 441 i
591 420 617 441 s.

314 473 379 511 1V.
402 473 436 506 P
445 472 469 505 h
478 470 492 503 i
498 471 513 503 l
518 470 532 503 i
538 483 565 515 p
572 482 598 515 p
608 470 621 502 i
632 495 641 513 ,
674 467 826 502 Comitis
848 468 1012 502 Palatini
1043 468 1190 516 epistola
1219 467 1266 502 ad
1289 467 1516 504 Academiam
1541 469 1801 519 Ingolstadien-

454 545 547 575 sem,
581 530 770 566 theodisce.

317 595 359 631 V.
389 595 418 628 C
427 607 444 627 e
454 594 470 626 l
479 593 538 626 tis
563 592 690 633 oratio,
718 604 824 637 quam
847 591 970 626 habuit
985 590 1222 640 Ingolsladii,
1237 578 1328 625 ‘cum
1353 604 1483 627 munus
1507 592 1658 627 docendi
1682 594 1799 628 adiret.

317 656 382 692 VI.
408 654 567 700 Epistola
593 652 761 686 Maxim
772 652 851 686 ilia
861 652 906 686 ni
928 653 957 686 J.
984 654 1090 699 lmp.,
1116 664 1185 698 qua
1212 652 1288 685 Cel
1297 658 1310 684 t
1319 665 1378 685 em
1408 652 1582 688 Viennam
1606 655 1754 690 vocavit.

317 714 369 750 Vl
375 716 400 748 l.
426 712 624 749 sodalitatis
640 711 825 748 litterariae
842 713 1034 746 Rhenanae
1048 713 1296 760 epigrammata
1313 712 1351 747 in
1376 725 1482 759 opera
1497 714 1532 747 R
1541 715 1563 748 h
1574 728 1595 748 ο
1603 727 1620 749 s
1629 715 1733 749 with
1742 728 1763 749 a
1774 729 1799 749 e.

317 774 422 815 Vlll.
446 773 674 818 Privilegium
711 774 783 807 Ma
795 773 1040 808 similiani
1075 774 1120 809 de
1155 774 1333 811 erectione
1367 774 1520 820 collegii
1551 782 1734 822 poetarum
1768 782 1802 811 et

458 835 796 870 mathematicorum.

322 898 383 931 IX.
405 897 672 930 Testamentum
702 896 854 929 Celtis.

321 959 363 992 X.
391 957 480 993 Vita
504 958 659 1001 ejusdem
684 956 879 1001 conscripta
902 950 1018 990 studio
1043 954 1233 989 sodalitatis
1256 955 1444 1006 litterariae
1463 956 1662 989 Rhenanae.
