1995 2496
338 178 385 216 18

333 252 445 287 modo
470 252 701 297 pertinentes,
722 250 930 285 vocarentur
952 244 999 278 ad
1017 254 1185 285 examen,
1208 244 1432 288 candidoque
1443 251 1647 281 notarentur
1659 247 1809 291 calculo,

329 313 360 347 si
384 311 514 346 fuerint
535 310 692 344 melioris
715 310 801 349 luti;
824 306 927 350 nigro
948 310 1064 339 autem
1080 303 1171 345 θηται
1186 303 1356 349 insignire
1364 310 1458 346 ntur,
1484 305 1514 337 si
1530 307 1719 351 deterioris,
1743 319 1810 341 suo

332 373 466 418 quique
491 371 618 406 merito
639 368 818 405 aestimati.
873 365 983 413 Cujus
1007 365 1152 411 quidem
1176 361 1325 400 instituti
1350 376 1425 400 non
1448 364 1537 398 alius
1561 374 1649 409 erat,
1683 376 1802 415 neque

332 431 547 478 praeclarior
571 440 644 464 esse
667 432 803 473 poterat
821 438 971 473 scopus,
1006 439 1112 472 quam
1126 451 1136 469 ,
1167 425 1469 472 quemadmodum
1494 424 1562 470 ipsi
1584 431 1743 463 auctores
1768 429 1811 464 in·

332 491 547 538 praefatione
571 489 615 523 ad
644 487 758 524 fascic.
791 487 853 524 lv.
884 487 1075 524 voluminis
1107 488 1136 521 Ι.
1173 486 1330 523 indicant
1340 506 1356 533 ,3
1380 485 1513 530 pellere
1548 485 1747 539 barbariem
1774 496 1811 523 ec

332 550 599 601 ignorantiam,
625 562 717 595 quae
744 549 953 594 disciplinas
983 547 1237 585 ecclesiasticas
1259 546 1396 593 passim
1422 553 1637 591 occupatum
1659 560 1808 592 promo-

327 623 406 644 vere
428 611 645 644 sacratiores
672 610 835 649 litteram
862 610 1032 653 adjuvare
1057 621 1126 643 rem
1152 607 1415 659 theologicam;
1446 608 1601 642 excitare
1626 610 1813 654 torpentia

327 670 506 722 ingenia;
534 671 636 706 bonis
660 670 810 716 denique
823 672 992 716 prodesse
1012 670 1189 705 omnibus.
1248 669 1385 720 Habuit
1408 680 1493 705 sane
1519 681 1595 713 res,
1627 672 1724 717 apud
1746 683 1811 706 nos

327 732 374 765 ad
398 732 436 765 id
467 738 607 776 tempus
640 739 777 776 praeter
807 730 1101 766 consuetudinem
1124 742 1238 771 nova,
1274 736 1453 765 successus
1483 731 1743 775 optatissimus,
1776 738 1812 766 et

328 790 590 836 exspectatione
613 791 701 824 adeo
730 789 888 837 majores.
934 790 1051 835 Aequi
1077 801 1195 825 rerum
1218 789 1455 824 aestimatores
1480 795 1514 824 et
1534 790 1573 824 in
1597 797 1672 825 arte
1686 791 1810 827 critica

326 850 622 894 exercitatissimi„
653 850 744 884 inter
771 849 972 884 Catholicos
1001 861 1135 894 aeque,
1168 863 1208 884 ac
1235 851 1488 892 protestantes,
1525 850 1660 899 primos
1693 851 1808 885 statim

325 899 563 944 bibliothecae
594 909 708 943 foetus
742 908 948 943 honorificis
979 909 1155 954 prosecuti
1179 914 1260 942 sunt
1298 908 1431 952 elogiis.
1494 910 1808 960 Depraedieabant

326 969 526 1004 libertatem
550 970 588 1004 in
616 970 768 1004 serendis
795 970 928 1014 absque
952 970 1102 1015 partium
1124 968 1241 1002 studio
1264 969 1439 1011 censuris,
1464 971 1811 1013 rerumfvarietatem

330 1035 365 1063 et
394 1030 553 1075 copiam,
585 1031 800 1064 monitorum
826 1042 866 1063 ac
892 1035 1159 1073 praeceptorum
1180 1028 1404 1072 gravitatem,
1428 1029 1498 1062 stili
1529 1028 1686 1074 ‘denique
1719 1030 1813 1076 puri-

329 1095 434 1122 tatem
464 1095 498 1123 et
523 1090 740 1134 elegantiam.
798 1089 991 1134 Praecipue
1015 1095 1132 1123 autem
1163 1088 1198 1121 V
1197 1088 1399 1123 indobonae
1426 1089 1631 1135 incoeptum
1656 1102 1732 1124 non
1758 1102 1810 1125 as-

327 1150 529 1183 sensionem
552 1151 679 1194 modo,
704 1151 768 1184 sed
796 1150 902 1183 etiam
930 1149 1220 1193 approbationem
1251 1149 1465 1192 laudemque
1489 1150 1618 1183 meruit
1643 1162 1738 1191 eam,
1770 1157 1811 1185 ut

329 1208 601 1241 clementissima
630 1209 835 1253 Imperatrix
855 1208 1010 1253 primum
1032 1213 1166 1241 sumtus
1191 1207 1405 1248 editoribus,
1430 1208 1460 1241 si
1486 1208 1575 1242 forte
1599 1197 1809 1253 indigerent,

323 1266 466 1313 jusserit
495 1268 770 1313 repraesentari,
806 1268 934 1302 deinde
964 1267 1008 1302 ab
1033 1268 1133 1302 omni
1161 1279 1221 1301 eos
1248 1256 1433 1302 censorum
1457 1265 1594 1314 judicio
1627 1270 1814 1305 exemerit.⁴

331 1328 415 1372 Quo
450 1327 546 1361 felici
579 1339 741 1362 successu
774 1329 886 1363 calcar
916 1328 1110 1366 addebatur
1140 1327 1314 1373 Klripse
1326 1328 1392 1361 lio
1422 1328 1467 1361 ad
1500 1328 1658 1363 alacriter
1695 1342 1812 1376 prose·

297 1410 300 1413 r
328 1388 510 1432 quendum
539 1399 648 1433 opus,
676 1389 836 1432 quamvis
862 1387 966 1427 socii,
999 1386 1062 1430 qui
1090 1386 1191 1420 initio
1211 1387 1397 1432 symbolas
1422 1387 1555 1433 aliquot
1579 1391 1809 1433 contulerant,⁴

329 1447 565 1489 resiluissent‚
591 1448 814 1492 negotiorum
842 1445 1016 1493 majorum
1042 1447 1200 1492 copiam,
1227 1447 1360 1492 otiique
1383 1448 1540 1493 inopiam
1568 1451 1717 1491 causati,
1751 1462 1813 1485 eo·-

329 1518 399 1553 que
430 1507 545 1545 omnis
575 1509 687 1541 moles
724 1508 770 1542 ad
792 1508 911 1553 ipsum
941 1507 1208 1549 devolveretur,
1233 1513 1272 1541 ut
1296 1506 1371 1554 jam
1401 1507 1546 1544 aliunde
1572 1510 1809 1555 conquirendi

327 1573 443 1603 essent
464 1567 655 1614 adjutores,
683 1580 772 1612 quos
801 1568 892 1602 inter
913 1566 1118 1613 comprimis
1148 1567 1211 1601 Po
1223 1567 1404 1602 ssidius
1435 1561 1615 1612 Zitter,
1641 1570 1808 1616 antiquus

325 1628 489 1662 laborum
523 1638 660 1669 comes,
692 1627 834 1661 fidelem
868 1627 1035 1673 deinceps
1067 1626 1210 1662 navavit
1237 1620 1391 1674 operam.
1450 1628 1543 1663 Cum
1576 1629 1642 1665 hac
1672 1631 1808 1666 ratione

325 1700 442 1734 usque
463 1689 507 1722 ad
528 1701 555 1722 a.
582 1700 679 1735 1790.
705 1689 790 1726 VII.
813 1689 1014 1731 volumina,
1040 1700 1193 1734 quorum
1215 1701 1327 1723 unum
1349 1690 1519 1735 quodque
1543 1691 1609 1728 lv.
1631 1690 1805 1727 fasciculis

325 1753 478 1790 constat,
505 1749 595 1782 foras
617 1749 787 1790 dedisset,
811 1754 844 1782 et
872 1749 1064 1783 litterarum
1091 1748 1296 1783 Latinarum
1318 1749 1494 1784 fastidium
1516 1743 1627 1795 atque<
1643 1750 1805 1795 ignoran-

324 1809 407 1843 tiam
436 1808 572 1845 videret
593 1808 703 1853 magis
729 1809 908 1854 magisque
928 1821 1100 1846 crescere:
1124 1809 1329 1845 coronidem
1349 1810 1532 1856 imponere
1554 1809 1671 1846 statuit
1692 1812 1803 1857 operi,

327 1871 423 1914 quod
453 1870 574 1916 primis
598 1870 802 1916 praesertim
827 1870 926 1905 annis
947 1870 1085 1906 ‘fructus
1110 1870 1256 1916 protulit
1278 1870 1487 1912 uberrimos,
1511 1875 1546 1905 et
1570 1868 1669 1917 cujus
1696 1872 1802 1906 lectio

326 1929 505 1976 hodieque
527 1930 729 1976 theologiae
756 1918 954 1967 cultoribus
980 1931 1260 1967 commendanda
1284 1937 1351 1975 est,
1374 1932 1471 1967 unde
1497 1943 1571 1967 non
1593 1933 1711 1975 solum
1739 1944 1803 1979 op-
1840 1942 1848 1948 ·

320 1991 491 2025 timorum
521 1985 692 2027 librorum
714 1992 878 2029 notitiam
903 1992 972 2028 sibi
997 2004 1221 2041 comparare,
1245 1994 1306 2028 sed
1338 1993 1442 2028 etiam
1467 1992 1651 2040 judicandi
1679 1994 1724 2028 de
1752 2005 1805 2029 re-
