1995 2496
313 208 362 236 20

309 268 493 315 religionis
520 271 751 312 documenta,
776 290 818 299 -
849 277 1031 302 censuram
1057 267 1157 309 tulit,
1185 273 1224 302 ut
1250 264 1456 312 germanum
1478 261 1700 311 Theologum
1725 266 1783 304 de-

311 335 387 372 cet,
417 335 450 364 et
475 329 542 363 alia
565 330 803 371 emendanda,
828 328 895 362 alia
921 322 1071 362 delenda
1095 338 1170 363 esse
1196 326 1350 373 putavit,
1385 328 1484 372 quod
1506 340 1581 363 non
1601 326 1680 363 satis
1703 319 1784 363 con-

310 390 477 424 sentirent
501 402 584 424 cum
613 388 760 435 purioris
785 388 983 432 theologiae
1006 388 1198 435 principiis.
1256 389 1307 423 Ea
1335 399 1390 423 res
1421 388 1522 429 fecit,
1556 396 1596 424 ut
1623 392 1723 435 prelo
1745 390 1785 424 li·

311 450 414 492 belli,
449 461 554 495 quem
593 450 718 493 vulgus
742 449 1005 495 sumptui-iebant,
1039 455 1231 495 poneretur
1266 461 1410 485 remora.
1473 449 1569 482 Hinc
1598 455 1679 483 nata
1705 455 1786 485 sunt

311 511 477 547 adversus
506 520 685 545 censorem
714 522 912 552 murmura,
947 509 1207 546 criminationes
1222 537 1231 555 ,
1259 510 1426 547 convicia.
1490 508 1699 544 Clamabant
1728 523 1786 556 pa·

310 574 379 606 lam
391 596 400 612 ,
427 572 513 613 salsa
530 560 660 606 docere
684 571 802 607 virum
815 597 825 614 ,
845 570 1002 616 fideique
1026 572 1200 617 opposita.
1225 567 1228 569 v
1249 572 1345 606 Cum*
1362 571 1518 617 prodiret
1537 571 1574 604 in
1593 570 1788 616 publicum,

312 631 427 676 digitis
474 631 753 674 monstrabatur,
797 630 956 679 ejusque¹
992 643 1091 666 aures
1135 632 1441 668 circumsonabant
1478 630 1625 666 vocibus
1646 643 1655 664 =
1699 629 1788 664 Ecce

311 690 359 726 M
365 691 585 735 a-rtinum
617 692 892 734 Lutherum,
923 704 1000 726 ecee
1025 692 1339 743 indulgentiarum
1364 688 1521 735 osorem,
1546 691 1787 725 haereticum!

304 751 570 811 *succinuerunt
593 753 815 788 multitudini
842 765 862 788 e
883 750 1083 788 *doctorum
1111 764 1278 796 numero,
1316 753 1380 798 qui
1401 754 1462 788 vel
1488 752 1665 788 obcaecati
1691 752 1787 798 igno-

310 812 442 856 rantia,
474 816 533 848 vel
566 815 666 850 ducti
689 815 866 849 affectibus
894 814 969 849 aliis
995 814 1190 857 insudatis,
1225 814 1345 859 ignem
1372 814 1470 859 igni,
1501 820 1561 848 aut
1588 815 1707 848 oleum
1737 826 1788 849 ca-

310 872 408 906 mino
426 874 602 915 addidere.
650 873 741 910 Cum
766 874 885 911 omnia
906 874 943 908 in
968 875 1144 908 fermento
1168 881 1299 916 essent,
1316 875 1446 910 ‚ceteris
1461 872 1566 919 hujus
1589 874 1787 918 tragoediae
1832 912 1837 917 ,

312 934 563 978 spectatoribus
591 935 695 967 mutis
709 959 718 976 ,
741 933 850 979 'quod
877 934 1040 968 timerent
1064 933 1226 979 plebem:
1257 934 1352 968 solus
1375 932 1671 983 Rieggerus,
1689 933 1789 969 tsedi-

312 993 423 1028 tiosae
450 993 683 1027 multitudinis
710 994 762 1027 nil
792 994 923 1028 veritus
947 994 1032 1034 iras,
1062 1003 1181 1037 neque
1207 1006 1331 1028 curans
1356 993 1536 1041 doctorum
1564 994 1788 1027 indoctorum

311 1058 400 1086 artes
420 1058 479 1086 aut
494 1052 715 1098 sophismata,
741 1064 881 1088 caussae
905 1052 1079 1093 melioris,
1109 1053 1169 1086 sed
1188 1064 1302 1099 paene
1320 1053 1529 1099 desperatae,
1553 1052 1788 1099 patrocinium

311 1112 349 1145 in
373 1124 411 1146 se
439 1112 613 1158 suscepit3
648 1118 753 1158 atque
778 1113 815 1147 in
837 1117 959 1147 senatu
986 1112 1084 1156 regio
1103 1136 1113 1154 ,
1146 1124 1218 1157 quo
1245 1124 1299 1147 res
1318 1114 1435 1147 delata
1453 1113 1583 1155 suerat,
1616 1124 1697 1148 eum
1722 1112 1789 1147 dis-

310 1173 418 1206 seruit
446 1172 483 1206 in
513 1173 682 1215 modum,
712 1179 772 1214 ut,
804 1173 867 1218 qui
894 1185 975 1207 cum
1002 1175 1112 1217 vulgo
1136 1178 1336 1215 senserant,
1371 1174 1602 1209 edocerentur
1632 1174 1787 1208 meliora.-

313 1231 423 1265 Unde
450 1232 550 1266 brevi
573 1232 704 1267 sactum
738 1238 804 1274 est,
840 1238 879 1266 ut
900 1232 1060 1266 factionis
1091 1232 1197 1267 duces
1231 1233 1516 1276 conticescerent,
1550 1233 1790 1279 paulatimque

313 1293 534 1328 mitescerent
570 1294 761 1329 concitatae
785 1293 897 1340 plebis
922 1293 1051 1333 animi5
1078 1304 1196 1344 eaque
1228 1293 1379 1337 ratione,
1418 1293 1647 1344 Rieggeri
1673 1306 1790 1341 opera,

310 1358 495 1397 tempestas
521 1353 602 1395 illa,
636 1354 665 1386 si
687 1366 763 1388 non
785 1354 933 1399 depulsa
955 1355 1096 1399 penitus
1110 1379 1119 1395 ‚
1149 1354 1263 1399 sopita
1287 1354 1471 1399 certe-suit.
1518 1356 1621 1389 Hane
1645 1366 1788 1390 omnem

310 1412 492 1447 historiam
530 1413 678 1448 totidem
702 1414 774 1448 sere
799 1414 915 1447 verbis
941 1419 1057 1447 narrat
1078 1412 1171 1446 Klia·
1175 1425 1205 1457 p
1204 1413 1305 1457 feli
1313 1425 1361 1447 us
1388 1413 1427 1448 in
1451 1415 1585 1449 necrol.
1609 1428 1688 1461 pag.
1715 1416 1789 1462 ¹39·

313 1484 363 1516 sq.
390 1478 425 1506 et
446 1473 565 1506 addit:
588 1472 715 1514 „Nunc
740 1472 842 1516 vide,
867 1473 1043 1508 benevole
1059 1475 1191 1516 lector,
1215 1474 1340 1508 miram
1371 1485 1487 1509 rerum
1512 1476 1786 1510 conversionem.

308 1531 447 1577 „Quod
481 1538 561 1567 ante
588 1538 788 1578 suspectum
812 1539 902 1576 erat,
926 1539 987 1568 aut
1006 1545 1120 1580 paene
1146 1535 1375 1578 haereticum,
1400 1548 1497 1571 nunc
1520 1537 1787 1582 amplectuntur,

314 1598 371 1635 „et
396 1594 541 1628 laudant
559 1600 713 1639 -utroque
737 1595 885 1639 pollice,
919 1601 953 1629 et
970 1595 1222 1630 commendant
1247 1596 1374 1639 magna
1398 1597 1629 1631 consensione
1655 1608 1789 1638 omnes,

312 1652 540 1698 „quicunque
563 1653 647 1688 irata
667 1654 832 1689 Minerva
856 1654 928 1689 nati
951 1667 1026 1690 non
1051 1660 1149 1698 sunt;
1173 1661 1213 1690 ut
1235 1655 1360 1691 diebus
1391 1656 1518 1691 nostris
1543 1669 1672 1703 paucos
1697 1646 1790 1692 inve-

310 1712 425 1756 ‚,nias,
452 1713 590 1760 quibus
606 1720 707 1750 vetus
732 1714 792 1749 illa
816 1727 931 1762 vappa
961 1716 1080 1752 adhuc
1104 1715 1308 1756 allubescat.
1370 1718 1423 1753 Ita
1451 1717 1663 1764 opinionum
1694 1731 1789 1754 com·

314 1778 432 1809 menta
456 1774 551 1808 delet
576 1773 696 1809 diesl”
1724 1775 1727 1778 ”

407 1834 582 1869 Omnium
606 1846 690 1870 vero
714 1836 918 1881 gravissima
945 1837 1119 1874 accusatio
1148 1844 1238 1881 erat,
1273 1852 1378 1884 quam
1413 1840 1552 1889 legatus
1568 1837 1693 1888 ERegis
1720 1837 1789 1872 Bo-

316 1895 451 1930 russiae
464 1895 561 1942 apud
581 1895 692 1942 ipsam
707 1899 824 1932 aulam
849 1897 1094 1935 Viennensem
1117 1898 1301 1935 intentavit
1320 1900 1380 1935 Kl
1390 1902 1415 1934 ἰὶ
1425 1911 1450 1945 p
1446 1899 1484 1944 f
1484 1898 1528 1932 el
1535 1897 1597 1941 io,
1617 1904 1787 1945 tanquam

316 1951 524 2000 injuriarum
546 1968 627 2001 reo,
651 1958 750 2004 quod
771 1959 902 1995 veritus
921 1971 997 1995 non
1021 1958 1189 2002 esset‚„in
1212 1959 1372 1995 biblioth.
1397 1960 1478 1995 eccl.
1502 1959 1674 2011 Friburg.
1701 1962 1789 2005 (vol.

315 2015 344 2048 1.
369 2014 449 2050 fasc.
473 2017 501 2049 I.
525 2029 602 2062 pag.
629 2019 704 2059 154.
728 2021 821 2065 sqq.)
842 2019 974 2056 librum
996 2016 1073 2054 Jo.>
1088 2019 1178 2053 Sal.
1204 2020 1417 2066 Semleri,
1466 2022 1676 2068 percelebris
1698 2021 1803 2067 'Ha-⁴
