1995 2496
1572 173 1623 214 29

156 238 357 286 proferens,
372 237 557 283 totiusque
580 233 935 275 vitaemoderatione
965 244 1000 274 et
1034 238 1291 286 aequabilitate.
1361 238 1501 281 Integer
1531 237 1622 271 vitae

156 290 366 345 scelerisque
390 311 517 346 purus,
555 310 597 336 re'
623 300 727 335 nulla*
746 309 772 334 ‘a
798 306 893 335 recto
916 299 1114 337 officiorum
1138 300 1381 345 virtutumque
1404 296 1541 333 tramite
1564 308 1623 343 po,

155 366 241 397 terat
272 361 450 397 dimoveri.
493 363 710 398 -German‘ae
733 373 878 408 prorsus
910 361 995 398 fidei
1017 368 1052 397 et
1074 360 1209 407 antiqui
1233 357 1365 403 moris,
1403 359 1557 394 sincerus
1587 362 1624 393 et:

156 411 339 464 candidus,
363 422 407 456 ab
431 423 661 456 assentatione
685 421 803 456 servili
825 432 936 466 aeque
958 435 998 457 ac
1022 434 1042 456 a
1066 421 1197 455 fallacia
1219 421 1330 455 seculi
1351 420 1506 462 alienus,
1529 419 1622 464 pacis

156 494 294 525 amans,
329 482 538 528 fugiensque
567 478 703 524 litium,
740 492 856 528 neque
887 484 995 517 elatus
1029 482 1068 517 in
1091 480 1195 516 rebus
1218 481 1401 524 secundis,
1434 491 1555 527 neque
1585 478 1624 514 in

153 542 305 576 adversis
335 540 498 586 dejectae.
552 543 596 576 In
626 542 848 576 sermonibus
880 542 988 588 ipsius
1022 542 1151 577 omnia⁴
1175 542 1278 586 digna
1300 554 1384 577 vero
1410 540 1623 583 Christiano,

156 607 191 636 et-
213 600 275 646 qui
295 592 499 646 sapientiam
524 600 681 636 divinam
702 608 755 637 tot
779 610 976 649 perennes
1001 601 1216 637 exercuisset.
1264 601 1468 635 Solitudinis
1492 612 1622 643 amans,

157 672 234 697 raro
257 661 383 707 pedem
407 662 571 697 ‘efferebat
594 663 723 706 dom'o,
746 664 815 698 nisi
839 664 877 699 in
900 664 1074 706 scholam,
1102 668 1137 698 et:
1158 663 1356 705 hortulum,
1388 672 1502 707 quem>
1518 661 1623 696 habe-

155 722 217 756 hat
238 728 313 756 non
338 724 462 767 procul
484 722 528 756 ab
552 723 639 757 urbe
662 723 777 758 situm.
824 726 881 758 De
900 725 970 759 vita
990 724 1179 758 monastica
1195 722 1456 767 quidsenserit,
1480 721 1622 756 abunde

156 782 312 828 prodidit
336 795 415 818 cum
440 783 475 817 in
503 783 710 818 bibliotheca
733 784 968 818 ecclesiasti-ca
991 784 1107 818 multis
1129 781 1231 824 locis,
1255 788 1330 816 tum
1347 782 1384 816 in
1401 781 1621 831 necrologio,

160 844 258 876 velut
274 856 361 891 ’cum
396 845 515 878 laudat
549 843 707 878 abbatem
733 845 1031 878 San-Petrinum
1045 869 1055 885 ‚
1094 843 1361 886 Philippum
1398 841 1545 876 Jacob
1558 853 1625 875 um

157 902 358 949 Steyrer,
394 903 494 947 quod.
523 913 660 936 memor
689 895 853 947 sapientis
883 902 991 944 dictiz-
1027 901 1251 935 Monasteria
1288 908 1428 945 oportet
1458 899 1532 934 esse'
1552 911 1626 933 non

158 962 274 995 solum
307 961 517 1011 religionis,
551 963 612 996 sed
644 969 678 996 et
712 962 955 1012 ingenuarum
995 962 1130 996 artium
1170 961 1374 1005 domicilia,
1407 961 1498 995 nihil
1529 960 1624 1006 prius

157 1022 331 1064 habuerit,
356 1035 471 1068 'quam
505 1029 543 1057 ut
577 1029 713 1069 praeter
743 1024 906 1069 pietatem
939 1022 1041 1057 etiam
1071 1023 1230 1057 scientias
1262 1024 1362 1057 inter
1395 1035 1478 1056 suos
1511 1022 1625 1056 modis

160 1083 325 1117 omnibus
360 1083 514 1125 foveret,
550 1090 772 1129 augeretque.
783 1083 817 1121 ⁴)
880 1083 1052 1128 Quamvis
1088 1083 1192 1126 igitur
1226 1092 1359 1117 vestem
1396 1083 1625 1116 monasticam

161 1143 295 1177 dudum
319 1143 553 1190 deposuisset,
585 1156 767 1190 nunquam
792 1149 909 1178 tamen
934 1155 952 1177 a
979 1143 1156 1177 sodalibus
1180 1143 1250 1178 suis
1275 1143 1447 1187 digressus
1472 1147 1543 1184 est,
1574 1141 1626 1175 ni-

161 1203 282 1247 hilque
305 1204 437 1237 remisit
460 1205 504 1236 de
527 1205 672 1249 pristina
695 1204 896 1243 severitate,
919 1215 1041 1247 parcus
1066 1204 1104 1236 in
1128 1205 1224 1236 cultu
1249 1210 1284 1237 et
1306 1204 1452 1245 vestitu,
1476 1208 1511 1236 et
1533 1202 1628 1236 eibo-

161 1274 239 1295 rum
263 1261 408 1307 vinique
431 1262 785 1308 temperantissimum
809 1268 844 1295 at
866 1268 962 1295 tanto
984 1260 1173 1296 officiosior
1198 1269 1271 1297 erat
1295 1262 1332 1295 in
1356 1262 1507 1302 amieos,
1530 1267 1626 1294 tanto

162 1321 347 1367 benignior
369 1326 404 1357 et
425 1323 603 1357 liberalior
626 1323 663 1357 in
688 1334 882 1369 pauperes,
918 1335 1007 1368 quos
1032 1329 1066 1358 et
1098 1323 1200 1358 vivus
1221 1321 1383 1369 juvabat,
1408 1327 1442 1356 et
1466 1327 1626 1356 mortuus

161 1384 275 1426 legato
299 1383 429 1417 hortuli
457 1384 512 1417 sui
539 1385 660 1429 pretio.
723 1384 910 1417 Auditores
945 1395 1046 1425 suos,
1085 1383 1268 1427 diligentes
1305 1382 1436 1417 scilicet
1470 1388 1504 1421 et
1535 1382 1628 1416 bene

206 1531 238 1567 *)
259 1532 391 1560 Nee-rol.
411 1542 482 1570 pag.
513 1541 577 1567 147·
604 1541 650 1567 sq.
697 1530 796 1559 Addit
826 1528 987 1569 Klt‘ipse
996 1528 1100 1558 lius:
1129 1531 1265 1565 „Neque
1293 1528 1378 1557 enim
1412 1526 1632 1565 compellendi

226 1586 227 1590 ’
241 1587 337 1619 „sunt
348 1603 357 1619 ‚
381 1583 573 1620 quicunque
594 1583 824 1611 monachorum
845 1577 992 1609 claustris
1007 1585 1175 1618 tenentur,
1198 1586 1233 1609 ut
1249 1580 1314 1619 piis
1329 1582 1483 1609 duntaxat
1498 1579 1631 1609 medita-

242 1634 410 1673 „tionibus
432 1640 461 1664 et
473 1635 617 1664 eoelestis
631 1633 797 1663 doctrinae
812 1632 1047 1671 intelligentiae
1061 1642 1095 1662 se
1112 1638 1193 1663 totos
1211 1635 1352 1670 tradant,
1373 1638 1403 1662 et
1420 1633 1456 1662 in
1472 1643 1509 1663 eo
1524 1634 1630 1662 solum

242 1687 372 1726 „studio
392 1689 433 1716 ad
453 1687 579 1719 obitum
600 1696 703 1724 usque
723 1691 957 1716 consenescant.
1005 1688 1078 1716 Non
1105 1687 1193 1716 enim
1219 1689 1307 1717 Deus
1335 1688 1453 1716 frustra
1480 1686 1632 1716 humanis

238 1739 421 1779 „mentibus
441 1744 503 1768 tam
525 1739 665 1768 diversas
685 1737 886 1776 affectiones,
906 1738 1000 1775 quasi
1019 1742 1178 1776 quaedam
1199 1740 1346 1776 semina,
1368 1739 1559 1769 naturaliter
1577 1739 1630 1767 in-

244 1792 384 1831 „seruit‚
406 1792 528 1829 quibus
547 1792 603 1829 fit,
631 1796 666 1820 ut
686 1793 747 1821 hoc
768 1791 869 1823 illove
890 1792 1111 1835 doctrinarum
1132 1804 1250 1833 genere
1270 1803 1348 1831 prae
1365 1793 1440 1822 aliis
1460 1792 1633 1830 capiantur

243 1844 337 1881 „alii0
376 1846 427 1873 Est
448 1844 556 1881 itaque
576 1848 606 1871 et
626 1844 827 1873 ordinationi
847 1844 978 1875 divinae
998 1844 1193 1875 conveniens
1203 1834 1221 1882 ‚„
1233 1850 1263 1874 et
1285 1844 1505 1874 honorificum
1521 1853 1636 1873 mona·

242 1895 345 1934 „stico
366 1896 497 1934 ordini,
515 1906 551 1925 ac
571 1885 785 1926 conducibile*
803 1898 844 1926 ad
864 1897 961 1926 decus
982 1900 1013 1926 et
1032 1900 1243 1935 augmentum
1264 1895 1477 1925 scientiarum
1490 1917 1499 1934 ‚
1525 1896 1554 1925 si
1574 1906 1635 1935 pro

247 1948 421 1988 „facultate
449 1951 588 1987 quisque
615 1960 673 1979 sua
700 1950 736 1978 id
763 1951 941 1980 litterarum
960 1959 1063 1990 genus
1082 1951 1283 1978 tractandum
1303 1949 1367 1978 sibi
1390 1954 1516 1987 sumat,
1546 1952 1637 1987 quod

248 2001 372 2041 „magis
390 2003 578 2039 allubescit,
599 2006 631 2030 et
648 2003 690 2030 ad
710 2005 802 2040 quod
815 2007 932 2042 *suapte
953 2007 1065 2031 natura
1084 2001 1215 2030 fertur?
1539 1998 1543 2000 ’
