1995 2496
302 135 329 180 ’4

301 220 490 262 namque
519 215 632 256 sunt,
661 219 769 260 quae
798 204 898 246 inde
923 202 1079 252 didici,
1106 202 1350 260 biographis
1381 207 1448 247 vel
1474 209 1677 263 ignorata,
1705 208 1773 257 {el

302 300 492 333 enarrata
516 290 647 330 aliter.
702 289 786 329 Etsi
817 300 916 327 vero
943 284 1117 327 difficile
1136 289 1208 336 sit,
1238 288 1454 344 indagare,
1483 292 1703 346 multoque
1722 294 1776 333 sit

304 373 542 422 difficilius,
585 373 803 423 acquirere
836 378 976 412 vetera
1010 370 1054 410 id
1090 385 1220 427 genus
1254 382 1531 414 monumenta
1565 370 1771 425 litteraria,

305 471 415 512 quae
439 459 481 496 in
515 455 784 494 librariorum
810 453 990 494 tabernis
1012 453 1161 495 frustra
1188 457 1431 508 quaesieris,
1459 456 1664 511 pleraque
1688 474 1779 513 par-

301 556 377 582 vae
402 538 544 588 molis,
582 546 655 579 aut
685 537 815 578 semel
842 536 1043 578 duntaxat
1071 537 1203 588 edita,
1224 539 1448 603 jreclusave
1480 543 1523 580 in
1554 540 1781 582 bibliothe-

303 629 384 674 cis,
412 623 528 665 unde
555 637 643 664 non
671 621 796 665 datur
820 625 971 666 exitus:
1003 632 1087 664 tam
1113 622 1373 677 fortunatum
1402 632 1540 665 tamen
1563 639 1632 666 me
1654 625 1780 667 fuisse

302 709 458 756 fateor,
494 716 541 747 ut
560 707 703 747 favore
728 716 769 746 et
789 721 919 761 opera
940 709 1174 749 amicorum
1200 706 1404 759 pleraque
1430 709 1472 746 in
1495 721 1643 749 manus
1667 722 1780 750 meas

300 795 495 833 venirent
523 790 589 831 vel
625 790 879 838 donatione,
907 790 974 829 vel
1003 791 1335 843 permutatione,
1364 789 1543 846 aliisque
1568 793 1662 845 jure
1687 806 1784 846 pro-

300 875 407 915 batis
440 872 691 926 acquirendi
721 872 871 913 modis.
928 873 1200 912 Dissimulare
1238 881 1310 912 aut
1357 876 1532 912 reticere
1568 874 1652 914 hoc
1683 874 1781 915 loco

304 961 337 998 si
378 956 531 997 vellem
568 958 743 996 nomina
773 957 1030 1003 amicorum,
1073 953 1258 1007 quorum
1298 968 1381 1008 ope
1419 955 1578 995 factum
1608 966 1690 1006 est,
1737 967 1783 998 ut

304 1054 354 1083 ea
394 1040 565 1081 Celtis
598 1037 760 1091 lipsana
792 1040 835 1076 in
869 1050 1017 1077 manus
1046 1051 1160 1077 meas
1194 1036 1450 1088 inciderent;
1494 1041 1645 1080 merito
1676 1040 1782 1081 mihi

307 1131 411 1164 esset
439 1120 740 1169 metuendum,
767 1135 823 1160 ne
852 1134 1048 1174 arguerer
1075 1129 1148 1160 aut
1179 1123 1309 1160 animi
1331 1120 1446 1160 haud
1469 1124 1566 1162 satis
1598 1102 1783 1174 candidi,

308 1214 380 1248 aut
417 1204 654 1245 officiorum
688 1205 956 1244 immemoris.
1013 1204 1199 1242 Primum
1238 1206 1380 1255 itaque
1418 1203 1662 1257 (siquidem
1696 1219 1784 1246 non

306 1285 601 1341 cognoscenda
619 1284 778 1332 solum,
807 1298 951 1324 verum
975 1286 1101 1324 etiam
1120 1284 1261 1338 palam
1289 1285 1530 1340 profitenda
1559 1295 1656 1326 sunt
1683 1287 1786 1328 alio-

307 1385 401 1412 rum
430 1372 473 1411 in
499 1384 575 1410 nos
601 1368 835 1421 beneficia)
886 1368 1052 1409 Celtis
1081 1367 1358 1421 opusculum,
1397 1377 1524 1409 artem
1549 1369 1634 1411 scil.
1662 1371 1784 1412 versi-

294 1454 458 1506 ficandi
475 1461 515 1490 et
535 1452 770 1495 carminum,
802 1449 917 1489 dono
946 1452 1093 1503 accepi
1119 1463 1142 1488 a
1160 1451 1250 1489 viro
1277 1448 1527 1502 perillustri,
1553 1453 1787 1504 Joseplzo

308 1535 536 1577 Antonio
562 1534 842 1588 RieggerO,
874 1532 1055 1585 collega,
1084 1530 1289 1585 quamdiu
1316 1533 1358 1571 in
1384 1529 1466 1572 hoc
1498 1540 1640 1574 nostro
1661 1534 1786 1576 Athe-

310 1633 417 1660 naeo
452 1618 779 1661 ecclesiasticam
813 1615 1191 1671 jurisprudentiam
1223 1613 1514 1668 profitebatur,
1553 1616 1656 1658 mihi
1688 1632 1787 1660 con-

308 1704 590 1758 junctisslmO,
618 1724 662 1744 νυν
687 1723 714 1743 εν
737 1709 845 1753 eiwons.

414 1784 642 1838 Exemplar
675 1784 852 1825 alterum
882 1784 1072 1839 ejusdem
1097 1782 1251 1831 libelli,
1298 1784 1414 1836 cujus
1445 1783 1620 1836 quidem
1654 1782 1783 1826 editio

311 1867 439 1922 paulo
466 1876 526 1908 est
546 1870 782 1921 antiquior,
821 1882 902 1912 una
936 1882 1035 1909 cum
1065 1867 1149 1907 alio
1186 1855 1365 1907 Celtis.
1397 1867 1623 1921 opusculo,
1668 1867 1786 1921 quod

312 1948 571 1990 inscribitur:
600 1952 837 2005 Septenaria
855 1953 1064 1995 Sodalitas
1083 1950 1277 1995 litteraria
1298 1960 1375 1993 cet.
1400 1961 1626 2008 ,acceptum
1647 1951 1784 1992 refero
