1995 2496
202 240 208 243 t
1655 204 1682 243 7!

210 280 297 325 que
319 269 478 311 curavit
497 267 722 325 multiplici
747 266 938 313 doctrina
957 273 999 309 et
1019 264 1262 310 eruditione
1288 267 1573 309 ornatissimus
1594 265 1677 309 Ch.

212 352 254 392 T
257 351 297 399 h,
329 353 594 400 Murrius,
623 352 984 408 Norimbergensis
1008 353 1208 394 Patritius.

313 436 394 478 His
418 439 590 480 accessit
611 439 667 479 X
661 437 781 492 ysti
809 438 842 479 S
851 436 1028 478 chier-ii
1060 437 1385 479 commentarius
1409 449 1510 478 msc.
1542 434 1594 476 'de
1613 449 1678 477 so-

207 520 373 561 dalitate
412 521 608 562 litteraria
636 521 902 568 Danubiana,
944 535 995 562 ex
1024 520 1284 562 bibliotheca
1311 520 1678 575 Augustinensium

208 603 391 646 Viennae
414 605 471 643 ad
490 604 595 644 viam
615 604 805 659 Regiam,
834 616 963 659 quem
986 603 1128 645 usibus
1147 605 1250 644 meis
1270 603 1478 645 benevole
1504 617 1676 646 conces-

205 688 259 726 sit
288 688 352 727 vir
383 690 577 738 eximius,
602 691 853 731 Ernestus
877 689 1130 743 Schoher,
1159 686 1348 741 ejusdem
1380 687 1582 729 coenobii.
1612 688 1675 728 bi-

205 769 515 822 bliothecarius,
531 782 741 828 δμαωειτηεε
770 771 886 815 unde
903 771 1016 815 haud
1035 786 1184 828 parum
1199 770 1427 827 profecisse
1440 784 1510 813 me
1527 770 1673 819 fateor,

206 857 435 909 praecipue
466 857 509 895 in
540 858 611 904 iis,
640 868 755 909 quae>
776 854 938 896 sodales
967 864 1010 896 et
1034 855 1264 909 discipulos
1292 856 1453 896 Celtis
1484 857 1673 895 attinent.

307 936 500 977 Tandem
535 950 604 976 me
634 936 743 989 juvit
768 935 1001 990 plurimum
1040 932 1177 975 codex
1212 948 1333 985 msc„
1380 938 1454 989 qui
1482 935 1675 990 epistolas

204 1019 408 1068 continet,
438 1031 539 1072 quas
557 1019 682 1058 amici
705 1024 746 1057 et
764 1016 927 1057 sodales
950 1015 1005 1057 ad
1030 1018 1225 1058 Celtem
1255 1017 1471 1059 dederant,
1525 1018 1674 1061 Debeo

205 1104 318 1141 istius
344 1101 604 1142 collectionis
630 1113 752 1141 usum
775 1100 1023 1159 benignitati
1046 1101 1124 1139 viri
1147 1099 1383 1149 clarissimi,
1409 1103 1468 1141 M
1472 1101 1560 1141 ich.
1587 1103 1674 1142 De-

201 1187 307 1228 nisi
316 1187 330 1227 i
339 1219 352 1233 ,
380 1185 435 1227 ad
457 1199 584 1239 quem
602 1191 866 1240 spectaverat.
915 1183 1030 1239 Quas
1050 1184 1094 1223 in
1118 1195 1264 1224 manus
1280 1190 1376 1238 post
1396 1184 1486 1238 ejus
1506 1182 1674 1225 obitum

202 1271 406 1309 rarissima
430 1268 587 1323 sylloge
609 1270 789 1316 venerit,
817 1280 886 1307 me
910 1267 1019 1307 latet.
1037 1267 1074 1320 *)
1117 1269 1349 1321 Descripsit
1377 1267 1573 1307 codicem
1598 1267 1674 1308 du-

202 1359 417 1392 centarum
438 1351 729 1404 epistolarum,
757 1358 798 1391 et
821 1350 939 1404 quod
961 1352 1162 1400 excurrit,
1189 1364 1306 1391 meos
1328 1352 1370 1390 in
1390 1361 1488 1390 usus
1514 1349 1670 1392 Celtis

200 1437 535 1488 meifrerumque
555 1446 744 1475 mearum
762 1432 1085 1475 studiosissimus
1113 1433 1207 1475 Tho
1219 1448 1317 1474 mas
1343 1433 1670 1480 Dollinerus‚·

199 1519 397 1560 Viennae
441 1520 484 1557 in
524 1517 748 1571 perillustri
792 1517 1008 1557 academia
1054 1518 1296 1556 There-sinna
1339 1526 1461 1557 antea
1503 1516 1668 1569 publici

194 1600 318 1653 juris,
346 1611 460 1639 nunc
485 1600 528 1638 in
553 1598 816 1640 universitate
838 1597 941 1651 juris
966 1596 1233 1640 ecclesiastici
1261 1606 1302 1639 et
1326 1598 1458 1657 civilis
1482 1599 1666 1641 Romani

200 1680 419 1735 professor.

236 1834 267 1872 ἢ
295 1834 404 1864 Serius
423 1833 589 1864 annotavit
608 1837 738 1873 auctor,
771 1835 861 1865 hunc
881 1835 1027 1865 codicem
1048 1835 1124 1871 jure
1142 1836 1241 1875 legati
1261 1836 1389 1866 cessisse
1415 1837 1605 1867 Francis
1618 1848 1667 1869 co

274 1902 309 1933 A
317 1902 398 1932 rmi
405 1913 527 1944 nger,
548 1904 751 1943 presbytero,
770 1904 1172 1935 academiaeTheresianae
1192 1904 1274 1934 olim
1295 1904 1541 1945 vicedirectori,
1562 1916 1669 1945 eoque

272 1970 393 2010 pariter
411 1970 564 2001 defuneto
585 1971 620 2000 in
641 1972 775 2011 publica
794 1973 946 2003 auctione
966 1983 1039 2004 aere
1066 1976 1280 2013 comparatam
1300 1973 1458 2014 *migrasse
1480 1974 1517 2005 in
1545 1975 1681 2005 biblio--

272 2040 395 2069 thecam
419 2038 597 2079 palatinam
616 2039 910 2074 vindobonensem.
949 2043 988 2073 R.
