1995 2496
327 130 352 171 6

425 203 568 244 Ludus
585 202 757 246 Dianae,
785 197 1087 242 etoeconomia
1113 199 1275 242 Celtis
1293 203 1388 256 J'ure
1410 205 1730 258 permutationis
1750 178 1803 258 ex

320 287 586 330 bibliotheca
615 287 706 327 PP.
732 283 1095 325 Dominicanorum
1119 285 1231 339 Aug.
1258 285 1380 328 Vind.
1420 284 1465 327 in
1495 302 1612 331 meos
1641 289 1801 332 forulos

323 373 667 426 commigrarunt.

425 455 575 496 Libros
604 451 832 499 Amorum,
863 459 905 493 et
936 466 1059 506 opera
1085 452 1336 500 Roswiffioe,
1377 466 1487 508 quae
1520 454 1721 498 Viennae
1757 460 1802 498 in

323 540 494 580 taberna
534 537 706 581 libraria
745 545 936 579 veterum
984 536 1185 595 codicum
1232 550 1389 580 venum
1429 547 1680 593 exposuerat
1723 539 1802 581 Al.

318 625 696 671 Blumauerus,
730 629 778 663 ut
801 619 993 664 Plautino
1017 621 1149 663 verbo
1177 629 1290 671 utar,
1319 624 1581 676 praestinavi.

426 706 728 761 Rhapsodiam,
759 708 803 745 in
829 704 1074 746 membrana
1102 706 1207 760 typis
1235 702 1488 758 descriptam
1498 715 1509 754 ,⁷
1537 705 1647 747 ultro
1681 709 1803 750 citro-

322 804 408 844 que
431 791 536 832 mihi
561 790 737 838 obtulit,
767 788 1027 843 donavitque
1055 788 1228 844 Collega
1245 789 1620 843 praeclarissimUS,
1650 793 1803 832 Caro-

320 874 392 914 lus
418 873 834 919 Schwarzelius,
864 887 977 913 anno
1002 872 1088 914 hoc
1110 871 1360 913 scholastico
1389 871 1546 926 (1805)
1571 864 1802 916 academici

321 958 577 997 Prorectoris
599 970 780 1018 *munere
805 955 994 1008 fungens.
1617 998 1621 999 ⁷

426 1037 571 1080 Editio
597 1041 795 1094 princeps
819 1037 1027 1093 Ligurini,
1058 1050 1187 1090 quem
1219 1035 1385 1078 Celtis
1413 1037 1518 1092 typis
1546 1036 1802 1092 Augus-tanis
1829 1023 1831 1025 V

318 1121 622 1162 excudendum
645 1121 837 1174 reliquit,
862 1122 956 1173 jure
983 1122 1212 1173 emptionis
1240 1119 1295 1158 ad
1323 1132 1393 1158 me
1419 1121 1590 1159 transiit.

426 1204 701 1257 Melopoeiam
721 1209 873 1256 sponte
890 1216 964 1242 sua
988 1217 1039 1242 ac
1057 1201 1287 1242 liberaliter
1302 1202 1407 1241 mihi
1430 1204 1568 1251 cessit,
1596 1217 1802 1256 meaeque

317 1285 505 1341 syllogae
528 1275 816 1325 accessionem
836 1284 940 1326 =fecit
961 1286 1169 1326 rarissimo
1199 1283 1349 1325 codice
1373 1286 1610 1340 peramicus
1639 1287 1722 1336 vir,
1752 1286 1799 1328 G.

319 1370 405 1409 W.
435 1371 475 1408 Z
483 1384 507 1407 a
519 1369 603 1421 psi
616 1385 639 1407 u
650 1384 682 1408 s.

432 1452 619 1491 Odarum
639 1449 770 1491 libros
790 1451 867 1498 LV.
886 1464 984 1490 cum
1001 1452 1147 1505 Epodo
1170 1452 1490 1504 permutationis
1516 1452 1637 1492 titulo
1657 1460 1800 1493 nactus

317 1548 411 1575 sum
440 1548 464 1575 e
485 1532 748 1574 bibliotheca
769 1533 869 1574 Can.
898 1535 1000 1588 Reg.
1025 1535 1082 1573 ad
1103 1534 1254 1574 cellam
1279 1534 1326 1572 B.
1352 1534 1401 1573 V.
1421 1534 1482 1573 M.
1506 1532 1620 1575 haud
1649 1535 1799 1588 procul

320 1619 550 1674 FrIburg0‚
577 1625 727 1673 agente
752 1618 1018 1658 Michaele
1046 1617 1218 1663 Fritz,
1255 1616 1445 1670 ejusdem
1472 1618 1662 1675 collegii,
1694 1620 1798 1663 dum

319 1705 497 1749 viveret,
530 1703 746 1750 Antistite,
775 1709 817 1742 et
845 1700 1003 1742 Facult.
1032 1699 1156 1741 theol.
1183 1699 1296 1741 Frib.
1321 1698 1536 1743 directore.

425 1785 774 1838 Epigrammatum
793 1784 890 1824 libri
900 1786 974 1834 V.,
1002 1785 1204 1825 hactenus
1226 1783 1396 1832 inediti,
1425 1794 1471 1824 ut
1490 1799 1574 1825 una
1592 1799 1689 1827 cum
1709 1788 1799 1828 aliis

318 1868 413 1909 Cel
422 1868 489 1909 tis
525 1870 731 1922 poematis
763 1883 861 1910 msc.
893 1882 944 1909 ex
967 1867 1326 1921 Norimbergensis
1358 1868 1617 1923 reipublicae
1645 1870 1800 1913 biblio-

319 1948 437 1991 theca
462 1950 638 2004 publica
659 1951 714 1994 ad
736 1966 806 1994 me
829 1952 1118 2007 perferrentur
1139 1950 1315 2003 utenda,
1344 1962 1608 2008 peramanter
1631 1954 1797 1997 sedulo-
