1995 2496
193 240 1208 266 &mmmmxxxxxmmmaewwv
1211 240 1483 259 wmwm
1487 244 1659 260 maewm

615 718 865 759 CAPUT
911 718 1226 761 PRIMUM

489 788 819 857 CONRA'm
864 816 1115 859 CELTIS
1161 817 1348 861 VITA.

745 929 1075 943 οοοοοοοοοοοοοοοοοοο

599 1146 643 1187 C.
699 1146 731 1187 C
746 1146 916 1187 ELTIS
966 1145 1220 1186 PATRIA.

1506 1245 1521 1258 s

177 1235 442 1325 Scripturus
467 1275 619 1321 vitam,
647 1276 772 1327 primi
801 1275 1107 1314 Germanorum
1126 1276 1315 1315 coronati
1340 1281 1511 1327 poetae,
1543 1273 1650 1316 Con-

176 1342 268 1382 radi
301 1342 424 1382 Celtis
455 1343 668 1388 Protucii,
707 1349 803 1381 ante
829 1344 971 1381 omnia
1004 1355 1053 1381 eo
1085 1340 1364 1381 adnitendum
1390 1344 1552 1395 putavi,
1600 1349 1648 1380 ut

176 1411 476 1463 perspicerem,
505 1409 601 1458 ubi,
631 1407 826 1462 quando,
855 1409 1060 1462 quibusve
1090 1409 1332 1464 parentibus
1365 1408 1491 1449 suerit
1518 1410 1560 1448 in
1585 1408 1646 1448 lu-

178 1491 270 1518 cem
299 1476 445 1516 editus.
504 1476 670 1532 Quibus
704 1475 879 1531 quidem
917 1477 1145 1531 expeditis,
1173 1477 1263 1518 fore
1294 1477 1564 1525 arbitramur,
1602 1484 1648 1516 ut

176 1545 344 1599 planior
389 1543 589 1597 deinceps
627 1544 886 1594 liberiorque
930 1553 1068 1583 nostra
1107 1546 1413 1596 qualiscunque
1452 1543 1647 1584 decurrat

138 1620 140 1623 ’
177 1612 322 1651 oratio.
376 1611 439 1650 Ac
486 1612 671 1662 primum
715 1607 890 1660 quidem
934 1611 1028 1647 satis
1081 1619 1142 1650 est
1183 1610 1467 1664 exploratum,
1517 1610 1646 1649 fuisse

174 1677 390 1722 Celtem,
428 1677 545 1729 cujus
576 1675 869 1730 biographiam
900 1674 1098 1716 exhibere
1129 1678 1442 1724 constituimus,
1471 1678 1645 1716 natione

174 1745 436 1790 Germanum,
480 1751 624 1783 natum
657 1745 699 1783 in
726 1743 928 1784 Orientali
955 1744 1146 1784 Francia.
1168 1744 1212 1798 a)
1270 1745 1412 1799 Quam
1437 1757 1538 1784 vero
1569 1752 1645 1783 tes-

174 1820 305 1852 tatum
334 1811 417 1852 hoc
451 1820 531 1860 est,
560 1804 675 1851 acin
701 1810 890 1852 confesso
923 1814 1108 1865 positum
1131 1811 1247 1866 apud
1276 1826 1444 1860 omnes,
1475 1820 1558 1852 tam
1584 1820 1646 1850 est

174 1888 509 1928 controversum,
556 1879 628 1919 ubi
678 1881 909 1933 quaeritur,
959 1882 1151 1933 quisnam
1191 1878 1307 1934 apud
1347 1879 1646 1931 Ostrosrancos

171 1950 223 1988 sit
252 1947 369 1988 locus
400 1948 487 1997 ille,
526 1951 598 2002 qui
634 1951 770 2002 prima
806 1951 989 1989 nascenti
1019 1946 1273 1988 incunabula
1295 1946 1501 2001 praebuit.
1557 1946 1647 1986 Ple-

172 2018 293 2069 rique
320 2017 599 2068 Suinfordiam
621 2016 656 2070 b)
689 2025 871 2070 ponunt,
901 2029 1009 2070 quae
1029 2024 1114 2056 erat
1137 2016 1310 2072 Imperii
1336 2018 1479 2057 civitas
1501 2014 1643 2055 libera.

1774 2306 1995 2496 Α
