1995 2496
360 188 409 230 ²4
1671 228 1674 230 ,

359 254 841 291 Rautenstrauchium
866 251 919 288 ad
947 249 1117 288 illustrem
1148 249 1437 296 Scribat-ium,
1467 251 1694 293 Serenissimo
1724 254 1819 290 Mar-

359 318 480 354 chioni
501 330 521 351 a
543 316 647 357 rebus
672 317 718 351 ad
745 315 959 360 Principem
972 313 1162 349 referendis
1178 314 1319 358 (vulgo
1347 313 1705 357 Referendarium),
1716 314 1821 363 hujus

361 388 500 414 caussae
523 376 833 423 prudentissimum
856 374 1135 410 moderatorem:
1157 372 1352 431 „Quisquis
1375 372 1480 408 fuerit
1494 385 1514 408 a
1528 377 1646 411 studio
1669 377 1822 423 partium

355 438 513 481 „alienus
538 444 572 474 et
596 435 798 472 sinceritatis
821 447 957 478 amans,
979 439 1084 480 atque
1104 432 1351 469 Wiehrlianas
1366 433 1506 470 theses
1495 447 1533 470 ιιι
1549 437 1824 474 controversiam

358 499 544 542 „adductas
567 496 792 539 intellexerit,
810 508 883 543 quo
899 496 1007 530 modo
1022 506 1080 531 eas
1096 494 1341 540 intelligendas
1355 507 1431 532 esse
1446 501 1569 531 auctor
1585 496 1710 540 voluit,
1729 498 1827 532 haud

359 559 442 603 „diu
475 557 680 594 haesitabit:
712 557 772 593 cui
806 557 1027 604 potissimum
1058 556 1256 607 sententiae
1280 557 1517 594 accedendum
1539 557 1589 592 sit.
1647 557 1826 593 Iudicium

355 619 644 665 „philosophicae
669 624 703 653 et
725 619 942 663 theologicae
967 617 1151 652 Facultatis
1175 617 1430 667 Friburgensis
1445 630 1464 652 a
1480 618 1738 664 praeoccupatis
1753 618 1827 664 opi·

358 679 547 722 „nionibus
569 680 743 722 liberum,
777 678 1074 731 religioniffaeque
1099 690 1139 712 ac
1161 677 1287 711 rationi
1310 677 1491 719 innixum,
1524 689 1704 712 assensum
1727 677 1828 712 facile

358 745 565 785 „extorquet
588 739 799 785 intelligenti
824 740 967 785 cuique,
1000 743 1105 783 atque
1138 738 1251 784 probo
1281 736 1377 782 viro,
1416 738 1670 785 confirmatque
1701 739 1827 775 famam

357 800 475 841 „illius
499 800 735 842 (academiaess’
799 799 969 844 Quamvis
1001 804 1117 832 autem
1143 797 1316 843 judicium
1342 799 1629 845 philosophicum
1655 811 1767 845 aeque
1789 812 1829 834 ac

358 859 596 905 theologicum
630 859 874 909 Friburgense
908 859 1091 909 utriusque
1123 859 1263 904 collegii
1299 870 1493 895 consensu·
1510 866 1545 896 et
1576 860 1829 907 approbatione

359 921 539 964 proditum
563 920 623 961 sit,
658 920 694 953 in
720 931 764 952 eo
789 926 906 964 tamen
929 917 1152 952 conficiendo
1178 924 1213 952 et
1234 918 1448 953 vindicando
1472 920 1693 965 potissimum
1716 921 1830 955 elabo-

359 987 481 1016 rarunt
513 981 605 1016 inter
628 980 871 1026 ‘philosophos
905 980 1014 1014 claris.
1038 979 1286 1023 Saulem-us,
1324 984 1408 1015 tunc
1435 980 1702 1026 philosophiae,
1735 992 1831 1017 nunc

355 1040 446 1088 juris
472 1040 692 1076 ecclesiastici
710 1040 909 1085 Professum
935 1040 1027 1073 inter
1041 1040 1223 1083 theologos
1240 1044 1356 1074 autem
1374 1045 1508 1085 praeter
1530 1040 1708 1086 Kliipfe
1719 1041 1831 1075 lium

356 1101 774 1147 Dannenmayerus
815 1098 994 1133 Professor
1033 1098 1198 1133 historiae
1235 1099 1505 1141 ecclesiasticae,
1545 1101 1607 1146 qui
1642 1114 1698 1136 an.
1733 1100 1829 1146 1786.

357 1161 534 1198 Viennam
558 1161 759 1203 accersitus,
782 1160 917 1194 ibidem
943 1160 1031 1193 obiit
1067 1159 1163 1193 1805.
1196 1160 1263 1193 His
1297 1160 1435 1195 lllviris
1462 1172 1653 1197 memorem
1684 1169 1833 1207 gratum-

362 1233 431 1266 que
454 1222 600 1256 aninum
625 1221 792 1266 Princeps
816 1219 1082 1260 Serenissimus‚
1106 1219 1339 1263 omniumque
1363 1221 1527 1255 virtutum
1552 1223 1656 1256 laude
1678 1225 1834 1257 cumula·

360 1272 434 1323 tus,
469 1293 543 1315 non
574 1282 690 1315 solum
715 1280 833 1314 litteris
858 1278 1068 1325 significavit
1098 1279 1323 1314 humanitatis
1353 1281 1591 1327 plenissimis;
1626 1282 1688 1317 sed
1719 1283 1831 1317 missis

360 1340 462 1375 etiam
489 1340 634 1385 insignis
657 1347 692 1375 et
714 1341 818 1386 pretii
842 1346 876 1375 et
902 1340 1093 1384 elegantiae
1116 1341 1323 1375 muneribus
1347 1341 1600 1386 comprobavit.

451 1401 571 1437 Venio
596 1414 692 1436 nunc
715 1403 760 1435 ad
784 1402 838 1443 id,
869 1401 976 1446 quod,
1002 1412 1082 1434 meo
1108 1401 1251 1445 quidem
1273 1399 1419 1447 judici0‚
1436 1401 1529 1437 inter
1542 1414 1679 1437 summa
1695 1404 1832 1450 Klia’p-

348 1462 467 1507 selii
498 1462 619 1496 merita
651 1460 911 1496 numerandum
946 1466 1017 1503 est,
1054 1461 1307 1507 omnibusque,
1341 1473 1431 1507 quae
1465 1462 1599 1507 ingenii
1622 1463 1714 1510 ejus,
1754 1466 1834 1501 doc-

361 1523 473 1557 trinae
496 1528 529 1557 et
554 1523 760 1557 eruditionis
784 1523 1042 1568 praestantiam*
1056 1524 1265 1567 loquuntur,
1291 1523 1491 1570 multiplicis
1513 1526 1709 1569 argumenti
1730 1527 1835 1561 docu-

357 1583 483 1618 mentis
505 1585 657 1629 palmam
683 1584 858 1629 praeripit.
904 1583 1154 1617 suscitationes
1179 1583 1380 1632 theologiae
1409 1583 1633 1633 dogmaticae
1663 1584 1833 1630 intelligo,

360 1654 446 1688 quas
483 1644 636 1688 primum
671 1655 725 1677 an.
766 1642 884 1685 1788.,
920 1642 1046 1677 iterum
1079 1643 1279 1677 emendatas
1312 1655 1367 1677 an.
1403 1642 1500 1677 1802.
1537 1649 1572 1678 et
1602 1645 1710 1679 tertiis
1742 1645 1833 1681 curis
1887 1665 1891 1680 ›

362 1703 614 1738 emendatiores
648 1715 701 1737 an.
729 1702 825 1746 1807.
845 1700 931 1748 juris
956 1702 1090 1748 publici
1115 1702 1205 1737 fecit.
1268 1703 1382 1747 Aegre
1415 1703 1577 1748 quidem,
1609 1706 1834 1750 quemadmo-

360 1763 445 1795 dum
479 1762 554 1808 ipse
593 1763 628 1795 in
661 1762 878 1807 praefatione
907 1763 1046 1804 fatetur,
1066 1763 1127 1801 ⁴ad
1159 1762 1197 1796 id
1228 1761 1403 1796 scribendi
1432 1774 1543 1807 genus
1576 1766 1738 1807 accessit3
1772 1767 1834 1800 sed

359 1834 481 1867 parere
506 1822 692 1869 oportebat
712 1822 942 1869 Super-iorum
966 1823 1120 1858 nutibus.
1174 1822 1316 1857 Etenim
1340 1835 1418 1858 cum
1442 1824 1637 1871 imperante
1661 1825 1831 1861 Josm’uo

360 1883 408 1916 II.
436 1897 564 1918 munus
590 1884 742 1919 docendi
767 1883 982 1928 theologiam
1007 1883 1256 1929 dogmaticam,
1282 1896 1353 1928 quo
1377 1886 1543 1920 hactenus
1566 1887 1638 1920 duo
1664 1888 1834 1934 professo-

362 1954 417 1977 res
443 1944 596 1980 defuncti
620 1951 742 1999 erant,
760 1942 805 1980 ad
829 1944 1063 1993 professorem
1088 1958 1200 1980 unum
1222 1946 1426 1992 restringere
1449 1948 1565 1983 visum
1591 1955 1698 1993 esset,
1730 1956 1765 1986 et
1788 1952 1833 1988 de

361 2004 438 2039 viro
463 2004 803 2052 circumspiceretur,
829 2006 890 2053 qui
911 2006 1046 2054 justum
1076 2017 1221 2052 unoque
1243 2019 1337 2042 anno
1360 2010 1620 2056 explicandum
1636 2012 1833 2056 theologiae
