1995 2496
966 25 985 37 δ

329 159 376 199 16
931 168 1016 196 cu.
1045 170 1074 195 1.
1099 156 1142 208 ff.
1176 171 1203 196 1.

320 234 409 275 Alii
439 249 519 290 pro
547 236 625 275 W
625 234 836 287 ircebargo
862 232 896 285 ι·)
926 225 1126 285 pugnant.
1179 229 1303 280 Sunt,
1333 234 1408 283 qui
1435 244 1590 288 pagum
1616 232 1800 272 Protuch

323 304 455 345 velint
489 315 576 343 esse
613 302 776 344 Celtis
813 301 958 342 locum
991 298 1183 339 natalem.
1203 298 1241 351 d)
1299 299 1386 353 Qui
1419 313 1520 340 vero
1547 301 1706 356 litigare
1740 314 1801 341 re-

321 379 480 420 nuunt,
530 371 641 411 haud
683 370 830 423 procul
868 369 1087 422 Herbipoli
1127 367 1359 409 oriundum
1401 359 1490 408 esse
1526 368 1743 412 affirmant.
1765 371 1798 426 e)

322 438 491 492 Quibus
536 437 712 492 quidem
751 437 948 479 omnibus
991 439 1143 478 rectius
1175 450 1344 491 sapere,
1381 450 1431 495 ac
1463 436 1590 490 plane
1618 450 1669 477 ex
1699 452 1798 480 vero

320 507 604 559 pronunciare
634 515 877 554 censentur,
927 507 1000 558 qui
1038 506 1198 546 Celtis
1233 504 1415 560 genitale
1447 503 1587 544 solum
1614 506 1691 544 W
1692 506 1802 559 ipsel-

319 574 411 612 dam
447 585 535 613 esse
576 582 782 623 asserunt,
825 587 982 628 pagum
1018 571 1213 613 dexterae
1253 574 1311 613 M
1317 573 1431 612 oeni
1467 571 1654 612 fluminis
1683 574 1799 626 ripae

318 639 603 694 adjacentem,
632 642 915 694 Sainsordiam
951 643 1060 681 inter
1088 649 1215 695 atque
1240 641 1519 695 Herbipolim;
1548 641 1649 682 hinc
1681 643 1800 695 quin-

319 722 422 762 que,
453 709 572 751 illinc
600 710 867 752 tribus-horis
887 710 1088 752 dissitum.
1119 709 1198 751 Cui
1219 707 1394 763 quidem
1416 712 1668 758 sententiae,
1697 723 1800 762 quo-

317 779 433 817 niam
473 781 640 820 testium
680 793 954 827 coaevorum,
994 779 1230 819 Joannis
1272 777 1630 830 Tritlze-mii,s)
1675 780 1800 816 Lau-

315 845 453 883 renti
466 844 480 883 i
498 846 568 884 Fr
579 845 720 891 iesii,
740 845 780 898 g)
811 854 939 898 atque
963 847 1114 886 veteris
1139 845 1357 886 annalium
1381 846 1457 885 W
1460 845 1798 898 irceburgensium

315 914 531 965 scriptoris
563 915 765 966 anonymi
786 913 824 964 ἢ)
852 915 1135 959 auctoritate3x
1153 915 1239 950 imo
1271 914 1400 963 ipsius
1429 913 1588 952 Celti‘s
1619 913 1799 952 testimo-

315 981 388 1018 nio
411 978 449 1031 ἰ)
478 977 594 1017 haud
619 978 800 1018 obscuro
831 981 992 1025 nititur,
1020 977 1180 1029 absque
1212 976 1297 1016 ulla
1322 975 1597 1016 haesitatione
1623 976 1799 1017 subscri-

313 1044 508 1085 bendum
547 1058 634 1085 esse
674 1044 934 1098 judicamus,
981 1059 1166 1099 vereque
1208 1060 1257 1086 ac
1296 1047 1447 1085 merito
1489 1044 1796 1094 contendimus,

313 1126 402 1151 esse
425 1113 558 1151 vicum
589 1113 670 1151 W
668 1113 925 1164 ipfeldensem
947 1113 981 1166 k)
1026 1112 1287 1153 felicioribus
1320 1115 1368 1152 iis
1392 1112 1495 1152 locis
1521 1125 1796 1152 annumeran-

314 1178 436 1228 dum,
477 1183 552 1233 qui
586 1193 638 1220 ex
672 1179 897 1220 illustrium
930 1182 1119 1222 virorum
1155 1189 1249 1222 ortu
1290 1180 1576 1221 celebritatem
1609 1182 1792 1221 nominis

315 1248 532 1286 consecuti
559 1254 665 1285 sunt.

356 1359 395 1397 α)
419 1360 503 1394 Huc
527 1367 660 1407 spectat
687 1361 846 1397 Celtis
871 1363 1044 1397 distichon
1068 1363 1146 1397 Lib.
1172 1363 1199 1395 Ι.
1220 1361 1299 1396 Am.
1323 1363 1420 1408 Eleg.
1448 1363 1493 1396 ΙΙ.

451 1421 611 1455 Francia
638 1422 816 1456 Germano
843 1425 932 1457 mihi
955 1424 1065 1467 stirps
1089 1430 1122 1455 et
1146 1422 1252 1471 origo
1275 1426 1422 1466 poe‘tae,

519 1481 713 1515 Herciniae
737 1483 850 1517 medio
873 1484 990 1517 cincta
1015 1483 1115 1516 beata
1140 1483 1232 1516 sinu.

357 1555 394 1593 b>
417 1556 651 1601 Suinfordiae
673 1563 795 1591 natum
820 1569 894 1593 esse
914 1558 968 1591 Ce
981 1559 1085 1591 Item
1109 1570 1193 1604 prae
1217 1559 1338 1593 ceteris
1362 1558 1507 1593 asseruit
1521 1559 1591 1592 J0.
1612 1558 1789 1593 Trithe-

403 1616 522 1649 mins
556 1616 594 1650 in
620 1618 787 1665 catalogo
810 1618 974 1651 virorum
999 1615 1198 1651 illustrium
1228 1618 1448 1652 Germaniae.
1490 1619 1789 1654 Trithemium

401 1676 511 1712 secuti
534 1684 615 1712 sunt
638 1679 745 1724 longe
770 1678 936 1725 plurimi,
960 1680 1059 1713 velut
1084 1677 1175 1712 Ger.
1191 1678 1259 1711 J0.
1279 1678 1473 1713 Vossius
1497 1681 1541 1715 de
1568 1680 1692 1715 histor.
1708 1680 1787 1714 Lat.

403 1738 483 1771 Lib.
508 1739 573 1772 111.
587 1765 595 1781 ,
635 1739 699 1771 Fu
707 1752 769 1787 gg
779 1752 824 1772 er
851 1739 1004 1772 Oesterr.
1027 1737 1281 1785 Ehrenspiegel
1311 1740 1355 1772 ad
1388 1752 1442 1772 an.
1471 1740 1566 1781 1487.
1601 1740 1669 1773 J0.
1692 1741 1787 1773 Alb.

399 1798 462 1831 Fa
475 1799 661 1833 bricius
685 1800 723 1833 in
748 1799 907 1833 biblioth.
932 1798 1029 1839 Lac„
1054 1797 1124 1830 Me
1138 1798 1266 1831 lchio
1278 1810 1300 1830 r
1320 1798 1456 1831 Adam
1480 1800 1518 1833 in
1541 1799 1623 1832 vitis
1642 1799 1785 1844 philos„

397 1859 455 1893 Ni
464 1872 492 1894 c.
520 1861 552 1895 G
563 1874 617 1894 un
629 1862 652 1895 d
666 1860 780 1910 ling.
804 1860 972 1895 observat.
997 1860 1110 1893 select.
1135 1858 1236 1892 Tom.
1253 1859 1280 1892 Ι.
1305 1858 1438 1894 observ.
1464 1860 1486 1893 Ι.
1496 1884 1505 1902 ,
1528 1858 1561 1893 Β
1571 1872 1591 1894 ο
1603 1861 1757 1895 crisin
1767 1874 1785 1895 s

402 1922 446 1955 de
472 1922 581 1955 claris
605 1921 829 1956 franconiae
850 1921 949 1955 viris.
995 1921 1025 1954 J
1036 1933 1066 1954 ο.
1094 1919 1154 1953 Ch
1164 1932 1192 1952 r.
1221 1918 1278 1952 Go
1293 1926 1355 1953 tts
1367 1933 1386 1953 c
1396 1921 1419 1954 h
1430 1921 1503 1954 edi
1515 1934 1538 1954 ιι
1550 1934 1567 1955 s
1584 1922 1785 1956 rimNHand-

405 1981 540 2014 lexicon
566 1982 627 2015 der
651 1982 803 2016 schiinen
833 1982 891 2015 W
887 1980 1139 2026 issenschtfflen
1149 2003 1159 2023 ‚
1199 1984 1239 2014 ut
1269 1980 1355 2014 alios
1365 2005 1375 2024 ,
1413 1982 1563 2017 maxime
1594 1982 1783 2028 lexicogra-
