1995 2496
338 163 388 202 30

335 244 510 283 moratos,
543 240 581 275 in
605 240 683 274 sinu
705 240 879 286 gestabat3
915 236 1027 272 facilis
1049 242 1084 272 et
1109 237 1298 282 indulgens
1312 238 1425 274 -etiam
1453 239 1685 283 tardioribus,
1713 241 1818 287 solos-

337 300 403 335 hos
433 312 508 336 non
540 291 622 335 satis
654 301 806 344 serebat,
845 299 908 345 qui
941 299 985 333 ad
1018 298 1188 336 inscitiam
1219 298 1747 347 adjungeoentjmpudentiam,
1778 308 1814 336 et

339 366 551 396 ostentarent
564 360 790 403 doctrinam,
813 361 853 395 in
877 374 949 406 qua
971 371 1018 394 ne
1040 361 1315 395 mediocritatem
1341 361 1484 406 quidem
1509 362 1708 406 attigissent.

433 422 501 457 His
525 422 656 468 ingenii
679 421 863 468 animique
886 420 1073 458 virtutibus
1093 422 1205 456 clarus
1221 423 1411 456 multorum
1427 421 1497 458 sibi
1518 422 1817 465 benevolentiam,

337 483 525 518 amicitiam
550 489 584 518 et
606 494 763 519 amorem
789 482 998 519 conciliavit.
1057 483 1132 516 lam
1155 494 1211 517 an.
1252 482 1349 518 1780.
1384 483 1580 530 Episcopus
1610 482 1813 524 Herbipoli-

336 551 453 587 tanus,
488 544 652 579 Franc.
678 545 784 579 Lud.
809 544 914 579 L.·B.
942 544 998 578 ab
1023 543 1210 587 Erthal,
1242 544 1408 592 Princeps
1433 545 1471 580 in
1494 534 1722 580 commodum
1746 550 1838 589 stu-K

338 605 480 639 diorum
498 606 690 652 sapientiae
706 612 817 649 natus,
837 612 876 641 'et
891 615 1093 648 Μουσαγετης
1116 606 1414 650 generosissimus,
1437 606 1501 651 qui
1524 606 1630 640 nullis
1654 599 1816 651 meebat

339 666 529 709 sumtibus,
566 673 605 703 ut
634 669 679 703 ad
708 681 812 703 suum
839 668 1065 703 Athenaeum
1089 668 1301 713 pertraheret
1322 667 1415 703 viros
1439 667 1484 700 ab
1509 666 1757 711 ingenii'fama
1774 671 1816 702 ‚et

342 726 522 762 doctrinae
545 729 781 773 exquisitioris
816 730 987 775 opinione
1021 728 1303 770 commendatos,
1343 728 1586 774 Klz'ipfe.lio
1621 734 1740 763 nostro
1777 728 1816 762 in

339 785 504 821 Francica
537 789 719 822 Musarum
753 790 837 822 sede
866 790 1062 823 cathedram
1094 788 1329 832 theologicam
1356 788 1590 834 desponderat
1611 788 1817 822 honestissi-

340 846 406 880 mis
431 848 704 883 conditionibus.
752 849 891 884 Poterat
915 849 1022 893 igitur
1044 848 1222 894 professor
1245 849 1489 893 Friburgensis
1514 850 1635 885 sedem
1653 848 1816 884 domesti-

341 918 438 949 cam,
466 909 542 951 ‘qua
568 908 658 941 nihil
678 907 891 953 jucundius,
927 913 1062 953 poterat
1089 909 1247 948 coelum,
1263 906 1345 942 *sub
1374 920 1447 953 quo
1470 916 1570 943 natus
1594 914 1629 943 et
1652 909 1817 943 educatus

340 973 430 1009 erat,
470 967 646 1011 revisere,
684 975 789 1015 atque
832 968 951 1003 omnia
987 968 1141 1003 secunda
1182 981 1329 1015 sperare.
1391 968 1525 1006 Verum
1561 969 1825 1010 reluctabatur,

341 1029 642 1072 quemadmodum
677 1030 752 1075 ipsc
781 1030 970 1074 postmodo
1001 1030 1179 1063 confessus
1212 1036 1282 1072 est,
1318 1043 1443 1065 arcana
1465 1031 1636 1075 quaedam
1660 1030 1735 1073 vis,
1771 1043 1817 1065 ne

339 1095 477 1134 caperet
498 1091 638 1125 lucrum
662 1096 731 1124 tam
757 1089 974 1124 honorificae
999 1089 1226 1126 invitationis.
1274 1091 1461 1135 Quaenam
1477 1092 1531 1126 vis
1543 1089 1634 1125 illa?
1657 1092 1700 1126 ln
1718 1091 1815 1126 terris

339 1149 528 1186 Austriacis
553 1151 742 1187 maximam
767 1151 862 1186 vitae
885 1155 1019 1195 partem
1045 1156 1159 1194 egerat
1182 1149 1347 1192 feliciter,
1372 1156 1605 1197 expertusque
1629 1158 1700 1185 erat
1721 1151 1816 1186 favo-

340 1221 395 1244 res
419 1211 605 1245 hominum
631 1202 1026 1256 praestantissimorum,
1062 1215 1096 1242 et
1124 1211 1232 1253 paulo
1255 1216 1336 1243 ante
1359 1211 1470 1256 ipsius
1495 1211 1726 1255 imperatricis
1753 1212 1819 1246 Re-

343 1271 469 1314 ginae3
517 1271 601 1306 vicit
632 1272 739 1316 igitur
772 1271 810 1305 in
843 1272 920 1306 viro
951 1269 1207 1304 humanissimo
1238 1264 1360 1305 sensus
1392 1272 1612 1317 gratitudinis
1648 1272 1818 1306 blandum

336 1342 493 1365 amorem
517 1332 585 1366 soli
609 1332 730 1378 patrii,
763 1344 881 1377 neque
907 1332 940 1366 ei
964 1332 1137 1376 permisit,
1167 1333 1244 1367 sese
1269 1334 1440 1368 divellere
1463 1335 1507 1368 ab
1532 1334 1636 1381 hujus
1667 1335 1818 1370 Alberti-

336 1402 402 1426 nae
438 1392 694 1438 complexibus.
749 1392 795 1426 At
824 1391 1007 1426 novennio
1038 1398 1117 1436 post
1147 1397 1225 1435 (an.
1255 1393 1375 1440 1789·)
1399 1406 1492 1431 nova
1518 1407 1554 1431 se
1576 1396 1627 1431 illi
1654 1397 1817 1444 praebuit

339 1453 500 1495 occasio,
533 1464 588 1488 res
613 1465 691 1487 suas
714 1454 941 1499 fortunasque
964 1452 1225 1498 amplificandi,
1254 1469 1335 1491 cum
1363 1469 1384 1491 a
1408 1457 1579 1491 Josmwo
1612 1458 1665 1493 ΙΙ.
1696 1453 1742 1494 ad
1764 1473 1818 1495 ca-

335 1513 493 1547 thedram
531 1514 730 1557 theologiae
769 1514 1078 1546 Vindobonensem
1111 1520 1338 1559 expeteretur.
1406 1518 1529 1553 Videri
1562 1526 1694 1566 poterat
1728 1521 1814 1555 haec

336 1573 475 1607 vocatio
498 1573 592 1608 viam
617 1574 651 1608 ei
675 1575 835 1615 munire,
869 1573 1074 1618 aditumque
1103 1587 1225 1619 parare
1249 1576 1293 1610 ad
1327 1577 1459 1624 majora
1495 1586 1530 1614 et
1560 1581 1707 1615 lautiora
1724 1595 1818 1620 rmu-

331 1643 427 1668 nera.
484 1633 646 1667 Habebat
670 1634 765 1669 enim
792 1634 829 1668 in
853 1633 1036 1679 provincia
1059 1634 1127 1668 sibi
1150 1636 1265 1670 oblata
1288 1644 1522 1673 antecessores
1546 1641 1638 1683 duo,
1662 1642 1809 1692 Augu·
1869 1660 1873 1674 »

333 1692 430 1725 scin
442 1705 509 1726 um
536 1693 760 1737 Ger-vasio,
786 1700 819 1729 et
842 1694 1098 1740 Josephum
1119 1694 1343 1740 Bercieri,
1369 1712 1524 1744 quorum
1540 1701 1598 1737 ille
1614 1703 1660 1736 ad
1679 1702 1813 1748 episco-

332 1758 455 1797 patum
494 1752 813 1797 Gallipolitanum,
852 1755 910 1789 hic
944 1756 988 1788 ad
1025 1755 1230 1790 Comensem
1264 1759 1476 1794 ascenderat·
1539 1762 1675 1798 Verum
1713 1763 1809 1805 haec,

333 1817 467 1846 tantum
502 1812 641 1860 aberat,
682 1819 721 1847 ut
758 1813 963 1856 incitarent,
999 1815 1251 1862 allicerentque
1283 1817 1344 1851 ΚΖ
1351 1821 1375 1852 is·
1380 1821 1460 1865 pse
1471 1820 1505 1853 li
1512 1820 1530 1853 i
1555 1820 1733 1865 animum,
1773 1830 1811 1858 ut

332 1874 444 1906 multo
471 1874 580 1919 magis
605 1874 844 1910 absterrerent.
893 1876 993 1911 Vitae
1020 1884 1179 1912 assuetus
1200 1878 1371 1914 solitariae
1396 1881 1603 1916 abhorrebat
1627 1894 1648 1916 a
1665 1879 1809 1929 strepitu

334 1943 537 1975 magnarum
563 1935 704 1970 urbium
718 1962 727 1978 ,
753 1942 788 1971 et
811 1936 1004 1982 refugiebat
1028 1938 1307 1975 circumvolitare
1330 1941 1453 1976 limina
1469 1942 1728 1988 potentiorum,
1754 1957 1811 1979 va·

328 1991 457 2038 nisque
498 2001 635 2043 tempus
676 2009 885 2034 consumere
920 1997 1212 2042 salutationibus,
1251 2007 1347 2037 ratus
1361 2027 1372 2046 ‚
1409 2003 1608 2040 sedeculam
1645 2004 1808 2049 quietam,
