1995 2496
317 180 342 219 8
1116 210 1123 215 .

420 250 737 293 Testamentum
758 250 893 295 Celti
900 263 921 289 s
953 260 1051 290 cum
1070 248 1336 292 documentis
1352 252 1462 303 aliis,
1491 266 1599 309 quae
1626 256 1669 295 in
1687 257 1788 296 actis

315 351 414 379 msc.
438 336 696 379 Viennensis
723 331 965 375 academiae
990 332 1210 374 recondita
1233 332 1380 384 latent,
1410 334 1642 390 indagavit,
1670 341 1788 388 eruit,

315 423 497 474 parique
527 417 666 459 studio
698 429 871 459 mecum
906 419 1236 460 communicavit
1264 415 1590 462 officiosissimus
1627 420 1790 461 Dolli-

314 517 478 544 nerllS·

416 587 561 640 'Atque
591 586 656 628 his
682 589 947 641 potissimum
965 590 1151 629 munitus
1174 587 1392 642 praesidiis
1420 591 1573 630 accessi
1598 586 1652 628 ad
1675 603 1790 630 enar—

314 669 446 712 randa
471 684 537 720 ea,
567 683 676 724 quae
706 669 761 711 de
785 671 869 713 Cel
879 680 923 711 te
946 684 1245 726 compereram.
1299 672 1449 720 Divisi,
1484 670 1698 725 quidquid
1730 678 1790 712 est

309 756 577 807 scriptionis,
625 756 669 793 in
711 757 848 807 capita
892 753 991 794 duo.
1059 755 1245 795 Primum
1293 754 1591 808 complectitur
1631 755 1790 796 Celtis

307 838 430 877 vitam
443 856 457 888 ,·
501 836 680 878 alterum
705 837 795 891 eJ'us
822 836 974 890 scripta
1000 836 1277 892 percensebit.
1330 837 1622 882 Adnexuimus
1646 854 1790 893 appen-

309 921 460 963 dicem,
492 930 602 970 quae
625 918 778 957 referet
799 918 963 957 Celtis
986 919 1315 977 epigrammatum
1342 917 1471 957 libros
1483 919 1560 966 V.,
1587 919 1790 960 hactenus

310 1004 419 1056 typis
448 1014 536 1040 non
569 999 768 1053 vulgatos.
823 999 1144 1052 Epigrammatis
1173 998 1428 1051 subjecimus
1466 1000 1555 1052 ejus
1583 1001 1786 1052 epistolas,

308 1090 523 1137 quotquot
564 1083 775 1134 quivimus
821 1082 1021 1120 invenire.
1075 1081 1182 1121 Sunt
1225 1088 1367 1120 autem
1408 1080 1572 1137 oppido
1615 1096 1785 1135 paucae.

306 1165 468 1213 Cetera,
498 1177 608 1217 quae
629 1162 876 1210 succedunt,
903 1164 990 1202 sive
1007 1161 1226 1209 anecdota,
1251 1164 1349 1210 sive,
1380 1175 1489 1215 quae
1509 1162 1594 1203 huc
1615 1164 1786 1213 faciunt,

304 1246 506 1286 litteraria
527 1253 805 1286 monumenta
830 1243 931 1293 alia,
962 1256 1204 1298 cognosceS,
1231 1242 1439 1285 benevole
1464 1244 1616 1294 lector,
1646 1260 1697 1286 ex
1726 1248 1787 1287 in-

303 1327 448 1369 diculo
471 1326 734 1382 appendicis.
770 1327 893 1372 Vale.
948 1324 1142 1382 Friburgi
1166 1329 1488 1382 Brisgoviorum.
1527 1327 1667 1370 Pridie
1687 1329 1783 1372 Kal.

298 1411 407 1463 Maji
436 1408 696 1451 MDCCCV.
717 1409 760 1461 ¹⁸)

335 1541 368 1576 J)
387 1543 434 1570 Ex
452 1541 589 1578 amicis,
616 1550 759 1577 quorum
780 1539 924 1569 favorem
945 1544 977 1569 et
998 1550 1128 1580 operam
1150 1541 1205 1570 hic
1225 1540 1372 1570 laudavit
1391 1545 1519 1580 auctor,
1540 1536 1780 1575 interea‘rehus

375 1601 531 1631 humanis
563 1601 667 1641 erepti
694 1605 790 1631 sunt:
829 1600 1123 1640 Schnizerus,
1158 1602 1406 1640 Panzerus,
1446 1603 1778 1645 Schwarzelius,

373 1660 585 1703 Zapsius,
624 1661 834 1692 Murrius.
874 1663 917 1692 R.

1628 2412 1633 2421 .

1505 2476 1510 2496 ³
1608 2486 1610 2488 v
1783 2459 1835 2496 μ’,
1869 2479 1873 2483 .
1903 2478 1908 2486 ,
1934 2453 1995 2496 md

1176 2493 1200 2496 ,.
1224 2487 1455 2496 <mnam-„2³
