1995 2496
313 158 362 181 20
658 157 662 159 “
915 148 1003 177 car.
1035 152 1065 176 1.
1094 139 1133 190 §-
1165 153 1193 178 ι.

408 217 627 266 Wiirzburg
660 228 738 264 pag.
763 215 815 249 28.
864 214 1008 260 Quibus
1041 213 1208 249 omnibus
1241 215 1386 262 praeivit
1418 217 1590 254 sodalitas
1613 217 1793 256 litteraria

404 282 579 315 Rhenana
614 280 651 314 in
687 279 756 313 vita
796 271 967 312 celtis.-
1004 277 1065 311 Ad
1096 277 1284 320 Moenum,
1325 269 1455 323 inquit,
1476 280 1655 323 fluvium,
1697 280 1796 315 haud

407 343 516 390 longe
554 342 598 376 ab
630 339 839 387 Herbipoli,
877 338 1105 373 Francorum
1139 337 1178 371 in
1214 336 1408 374 Germania
1439 341 1653 384 metropoli‚=
1687 348 1794 376 naeus

405 404 564 439 Celtis.
610 402 738 448 Aeque
761 408 823 437 aut
847 401 955 446 magis
979 412 1069 446 vage
1094 400 1139 435 de
1160 399 1308 433 Celtis
1331 399 1442 445 patria
1467 400 1641 435 disserens
1661 401 1795 437 Henr.

403 465 497 497 Pan
512 464 669 496 taleon
694 463 731 497 in
756 462 1051 511 Prosopogrnph.
1086 461 1175 494 Part
1203 460 1246 493 11.
1272 472 1349 505 pag.
1374 460 1451 504 57²·
1475 459 1695 496 Theodiscae
1715 463 1794 497 edit.

406 523 505 569 1578.
528 522 736 571 simpliciter
758 522 988 570 pronunciat,
1015 527 1131 557 ortum
1154 532 1237 557 eum
1261 521 1336 556 esse
1368 520 1408 557 in
1430 520 1646 557 Franconia.

340 645 398 691 s)
433 645 610 692 Equidem
642 644 951 688 Trithemius‚
987 655 1069 694 cum
1093 642 1199 678 abbas
1223 649 1296 679 erat
1317 643 1547 690 Spanhemii‚
1572 656 1667 679 anno
1696 647 1791 691 ¹495-

401 707 438 741 in
465 709 624 752 catalogo
647 707 806 742 virorum
830 705 1017 740 illustrium
1043 705 1252 751 Germaniae
1274 706 1476 752 scripserat,
1523 705 1712 749 Celtem,
1753 719 1795 740 ex

399 767 684 812 Schweinsordia
708 779 780 801 esse
800 773 939 808 ortum,
970 765 1134 801 inductus
1148 791 1157 808 ,
1195 772 1235 801 ut
1257 778 1364 813 supra
1387 754 1667 815 adnotavimusJ
1689 767 1791 810 -hunc

399 828 438 863 in
462 840 616 864 errorem
642 841 662 863 a
689 829 932 875 peregrinante
957 832 1085 874 Ροὲῐας
1120 834 1156 863 at
1177 833 1426 874 posteaquam,
1453 841 1473 862 a
1497 829 1568 863 suis
1592 828 1793 873 exagitatus,

399 892 585 924 translatus
625 895 676 923 est
704 889 1020 937 ‹Wirceburgum‚
1060 888 1167 921 abbas
1206 888 1339 922 ibidem
1379 889 1587 923 constitutus
1627 890 1794 924 coenobii

403 950 588 984 Scotorum
626 951 675 982 ad
704 949 739 981 S.
768 948 949 981 Jacobum
979 959 1074 982 anno
1107 947 1203 981 1506.
1229 948 1287 982 die
1321 949 1371 982 15.
1398 949 1492 991 Oct,
1527 949 1624 982 haud
1652 948 1793 985 difficile

402 1011 436 1046 ei
460 1010 546 1052 fuit,
586 1009 623 1043 in
647 1020 752 1044 verae
779 1008 901 1042 Celti
908 1021 926 1041 s
957 1008 1088 1054 patriae
1111 1008 1271 1043 notitiam
1300 1010 1504 1056 pervenire,
1540 1023 1582 1046 ac
1616 1010 1794 1058 deponere

399 1083 568 1113 errorem,
609 1071 646 1104 in
683 1082 754 1114 quo
784 1070 951 1104 haeserat.
998 1070 1148 1115 Propior
1182 1070 1279 1105 enim
1307 1077 1389 1105 'tum
1420 1059 1497 1106 erat
1519 1072 1591 1114 his,
1621 1084 1641 1106 a
1665 1072 1794 1117 quibus

400 1138 537 1179 poterat
561 1130 702 1166 edoceri
725 1129 882 1164 certiora.
931 1129 1096 1164 Habebat
1119 1136 1213 1166 certe
1237 1130 1371 1165 ibidem
1402 1131 1470 1166 sibi
1495 1137 1623 1167 notum
1650 1133 1796 1168 Celtis

403 1205 447 1228 ex
470 1204 590 1226 sorore
615 1196 806 1236 nepotem,
831 1190 1076 1223 Nicolaum
1105 1191 1313 1233 Wiland,
1339 1193 1390 1226 uti
1413 1199 1546 1227 constat
1570 1205 1613 1227 ex
1638 1194 1793 1240 epistolis

410 1251 657 1285 Triehemii
691 1250 752 1284 lib.
778 1251 824 1283 11.
856 1262 909 1297 ep.
936 1250 991 1285 33.
1039 1251 1175 1296 Hagen.
1204 1250 1301 1286 1536.
1327 1262 1357 1294 4.
1390 1253 1506 1296 unde,
1544 1253 1719 1300 quidquid
1749 1256 1793 1289 ad

401 1313 585 1356 Cenem,
627 1324 734 1358 quem
756 1312 897 1358 fratris
928 1314 1009 1347 loco
1043 1312 1215 1355 habebat,
1256 1313 1403 1349 attinere
1426 1314 1629 1357 videbatur,
1673 1327 1792 1350 earum

400 1386 519 1409 rerum
545 1373 819 1407 studiosissimus
844 1373 971 1414 abbas,
1010 1374 1112 1407 nullo
1143 1384 1256 1418 paene
1283 1374 1425 1418 negotio
1449 1376 1644 1420 perdiscere
1669 1376 1793 1422 potuit.

406 1433 595 1479 Comperta
631 1432 749 1478 itaque
783 1444 865 1467 vera
902 1432 1049 1466 Celtis
1084 1433 1193 1478 patria
1227 1432 1386 1479 ejusdem
1420 1435 1555 1469 obitum
1582 1437 1791 1470 denuntians

402 1494 441 1528 in
467 1493 641 1527 chronico
663 1492 936 1539 Hirsaugiensi,
960 1493 1059 1537 quod
1083 1494 1228 1527 demum
1257 1494 1496 1543 Wirceburgi
1517 1496 1685 1538 absolvit,
1719 1508 1793 1542 per-

401 1553 620 1601 polivitque,
644 1552 688 1587 ad
711 1565 855 1587 annum·
874 1552 970 1587 1508.
994 1554 1151 1600 scripsit:
1185 1554 1426 1589 Conradus
1452 1555 1604 1591 Celtis
1629 1557 1793 1592 Protu-

400 1616 515 1658 cius‚
551 1616 696 1649 natione
720 1614 938 1657 Germanus,
958 1615 1088 1659 patria
1112 1615 1275 1650 Francus
1303 1616 1513 1661 Orientalh,
1547 1631 1588 1651 ex
1616 1619 1795 1683 Wzipsield

402 1689 519 1722 prope
541 1674 783 1719 Schweinsurt
808 1674 993 1709 oriundus.

449 1796 590 1832 Frustra
619 1796 762 1844 quidem
796 1798 866 1833 hoc
897 1796 1140 1832 testimonium
1171 1796 1327 1842 requires
1350 1797 1388 1832 in
1412 1797 1567 1832 editione
1589 1796 1790 1842 Basileensi,

407 1871 498 1906 quae
522 1858 691 1907 impensis
713 1858 743 1894 J
751 1872 782 1895 ο.
809 1859 998 1906 Oporini
1021 1871 1117 1897 anno
1146 1859 1243 1905 1559.
1267 1858 1325 1894 sol.
1350 1857 1482 1905 prodiit
1505 1859 1599 1905 apud
1621 1859 1790 1895 Parcum.

408 1921 551 1955 Norunt
584 1921 680 1956 enim
709 1921 855 1964 eruditi,
895 1932 969 1956 esse
1003 1932 1081 1956 eam
1115 1931 1274 1955 mancam
1305 1925 1340 1955 et
1362 1920 1616 1966 imperfectam3
1656 1921 1789 1967 quippe
1828 1926 1837 1935 ”

409 1991 499 2027 quae
529 1987 641 2017 careat
671 1982 915 2017 additamentis
939 1994 980 2018 ac
1002 1980 1308 2018 emendationibus
1333 1980 1419 2025 illis,
1456 1993 1545 2027 quae
1569 1981 1789 2017 doctissimus
