1995 2496
534 219 535 223 ,
1606 175 1659 219 ἰ9

193 252 259 286 bus
274 247 490 294 ‚theologicis
519 247 715 284 facultatem
743 258 869 293 augere
881 272 891 291 ,
929 245 1148 293 omninoque
1174 245 1332 281 animum
1357 243 1403 280 ad
1433 242 1656 291 prudentiam

192 312 402 358 pastoralem
426 309 611 344 informare
634 311 780 345 valeant.

282 370 475 405 Enimuero
496 381 601 405 nemo
627 370 817 410 existimet,
847 367 942 415 ,Klii
946 382 974 414 p
971 369 1149 415 felium
1178 367 1502 405 nullos‘invenisse
1529 366 1662 403 studio-

193 442 272 468 rum
293 442 435 467 suorum
460 430 714 475 obtrectatores.
759 429 914 473 Quando
941 429 1038 463 enim
1061 442 1220 475 unquam
1242 429 1387 465 defuere
1412 428 1577 464 homines
1602 432 1662 462 aut

193 481 282 527 adeo
301 491 485 533 fastidiosi,
511 497 550 526 ut
570 490 660 525 nihil
688 489 761 524 fere
785 488 868 534 ipsis
895 489 1043 534 placeat,
1069 502 1176 535 quam
1199 492 1295 536 quod
1322 490 1391 537 ipsi
1418 489 1572 532 faciunt;
1604 494 1665 533 aut

193 558 262 587 tam
284 551 398 595 invidi
417 556 453 585 et
473 550 636 596 superbi,
660 555 699 584 ut
720 549 853 595 optima
877 560 1039 595 quaeque
1056 549 1220 590 arrodant
1244 556 1278 586 et
1304 551 1489 593 damnent3
1514 555 1577 585 aut
1591 550 1663 586 ,de-

193 612 303 656 nique
326 610 445 655 priscis
464 610 623 644 moribus
643 610 689 644 ita
711 609 859 651 assueti,
890 615 932 642 ut
958 615 1063 654 turpe
1082 616 1232 654 putent,
1264 611 1360 654 quod
1384 611 1550 644 imberbes
1573 609 1662 644 didi-

194 658 289 714 cere,
323 682 422 706 senes
446 671 626 716 perdenda
656 668 842 718 fateri?*)
868 671 1003 717 ,ltaque
1016 694 1027 714 ,
1056 675 1095 705 ut
1120 671 1189 705 hoc
1216 670 1369 717 exempli
1387 682 1489 706 causa
1512 669 1662 712 afferam,

195 744 270 767 non
294 731 385 776 nulli
408 742 452 766 ex
477 731 665 767 Catholicis
685 732 772 767 vitio
791 732 826 767 ei
846 737 1043 774 verterunt,
1068 733 1165 778 quod
1186 732 1368 778 scriptores
1394 732 1662 776 Protestantium

194 791 406 834 moderatius
433 797 547 837 ¹atque
573 791 813 837 indulgentius
838 792 913 826 iere
934 797 1069 836 tractet,
1094 804 1199 838 quam
1222 804 1312 826 suos.
1374 793 1492 839 Quam
1519 792 1664 837 quidem

196 852 438 898 querelam-in
463 843 691 897 praefatione¹
712 853 774 889 IV.
802 852 994 888 voluminis
1018 853 1072 887 ⁴ita
1098 852 1243 887 refellit:
1273 852 1411 897 „Quis,
1440 852 1570 898 inquit,
1599 852 1665 886 im-

194 910 532 958 „probaverit·jure‚
556 911 587 944 si
607 922 688 945 cum
708 911 926 956 hospitibus,
951 910 1015 955 qui
1036 904 1296 944 communionis
1320 916 1458 945 nostrae
1485 922 1560 944 non
1575 915 1668 954 sunt,

195 973 351 1017 „agimus
374 971 512 1014 mitius,
546 984 653 1017 quam
681 980 761 1006 cum
788 969 984 1005 domesticis
1010 969 1124 1005 fidei?
1151 970 1243 1018 Quis
1269 971 1397 1013 nescit,
1427 972 1538 1005 multa
1563 971 1667 1005 licere

196 1033 255 1076 „in
272 1032 422 1075 amicos,
439 1032 644 1075 familiares,
672 1032 876 1077 indigenas;
902 1043 992 1077 quae
1019 1032 1049 1065 si
1075 1032 1205 1067 faceres
1231 1032 1270 1066 in
1295 1033 1492 1078 hospitem,
1517 1033 1668 1080 peregri-

197 1105 304 1136 „num
330 1099 392 1127 aut
419 1091 667 1140 alienigenam,
691 1092 903 1126 inhumanus
922 1091 1111 1133 videreris,
1140 1093 1198 1127 vel
1226 1092 1364 1127 audires
1387 1092 1606 1128 barbarus?''

289 1153 368 1187 Alia
383 1178 392 1195 ‚
420 1164 533 1198 eaque
555 1152 709 1197 graviori
733 1152 891 1187 molestia
916 1165 1010 1187 anno
1040 1153 1137 1197 1776.
1165 1153 1306 1188 affectus
1336 1159 1386 1188 est
1412 1154 1457 1188 ab
1479 1154 1563 1200 ipsis
1586 1153 1668 1187 Fri-

193 1212 439 1262 burgensibus.
498 1212 581 1245 Erat
604 1212 631 1245 is
659 1225 793 1252 annus,
821 1218 861 1245 ut
886 1218 1032 1252 vocant,
1047 1213 1248 1255 jubilaeus,
1274 1225 1346 1259 quo
1376 1213 1580 1259 plenissima
1608 1225 1671 1247 no·

190 1284 313 1307 xarum
353 1282 621 1317 poenarumque
661 1270 813 1317 expiatio
853 1277 888 1305 et
924 1272 1138 1306 condonatio
1175 1273 1327 1308 obtineri
1363 1284 1468 1313 posse
1503 1273 1668 1309 creditur.

192 1331 508 1366 Circumferebatur
531 1331 670 1365 libellus
685 1345 694 1363 ι
734 1331 978 1365 Ονίὶηιίἱίσήει·
1009 1332 1234 1375 Unterricht,
1273 1333 1335 1366 wie
1365 1334 1428 1367 das
1456 1333 1667 1367 Jubilaeum

200 1406 244 1427 zu
269 1392 460 1444 gewinnen
486 1403 545 1438 sq
580 1397 642 1425 etc.
671 1391 715 1425 ab
738 1391 921 1438 episcopo,
948 1392 1046 1437 quod
1070 1392 1251 1439 inscriptio
1276 1392 1470 1435 indicabat,
1501 1394 1672 1439 approba-

195 1460 265 1496 tus,
277 1460 382 1498 atque
399 1465 465 1486 usu
476 1453 657 1487 communi
672 1452 909 1498 frequentatus
929 1453 1216 1499 praecedentibus
1230 1452 1403 1500 jubilaeis.
1428 1454 1529 1489 Prius
1542 1460 1671 1497 tamen,

197 1527 303 1560 quam
329 1512 420 1561 typis
462 1514 703 1556 recuderetur,
735 1514 982 1549 demandatum
1012 1516 1086 1548 'erat
1116 1514 1297 1559 Klt‘ipfe
1308 1515 1395 1556 lio,
1421 1513 1596 1560 judicium
1626 1516 1672 1549 de

198 1574 261 1609 illo
295 1580 334 1608 ut
363 1574 488 1614 ferret,
522 1573 685 1607 Censoris
720 1573 841 1616 Regii,
868 1579 943 1607 tum
964 1573 1119 1612 absentis
1152 1575 1309 1609 nomine,
1371 1574 1672 1620 Klic'pfelius,

203 1633 264 1678 qui
285 1632 444 1666 omnium
469 1631 601 1678 optime
622 1638 786 1673 noverat,
809 1632 848 1666 in
869 1634 967 1666 nulla
990 1632 1056 1666 alia
1078 1644 1117 1666 re
1141 1632 1311 1680 majorem
1334 1635 1572 1668 adhibendam
1596 1646 1672 1668 esse

205 1692 420 1738 diligentiam
441 1697 475 1726 et
500 1691 720 1734 cautionem,
750 1705 855 1738 quam
878 1692 916 1727 in
938 1692 1053 1735 libris,
1078 1693 1141 1739 qui
1165 1693 1307 1740 publica
1327 1694 1527 1731 auctoritate
1547 1693 1675 1729 firmati

205 1753 361 1788 omnium
384 1752 544 1786 manibus
566 1758 737 1794 teruntur,
754 1759 792 1786 ut
811 1754 1025 1795 catechismi,
1047 1756 1189 1789 rituales
1211 1761 1245 1789 et
1261 1749 1429 1799 liturgici,
1450 1755 1671 1800 pessimeque

205 1826 326 1859 agere,
364 1813 444 1859 qui,
485 1823 573 1858 quae
601 1825 622 1846 a
652 1812 829 1848 catholicis
855 1813 1080 1860 scriptoribus
1106 1815 1236 1849 versari
1262 1815 1300 1849 in
1328 1805 1513 1861 utramque
1538 1819 1673 1859 partem

204 1875 297 1908 salva
315 1873 385 1909 fide
404 1880 438 1908 et
463 1878 635 1919 possunt,
651 1879 685 1908 et
707 1875 837 1917 solent,
859 1880 1022 1921 tanquam
1039 1874 1237 1922 firmissima
1261 1879 1465 1920 proponunt
1485 1874 1676 1912 catholicae

245 2000 279 2038 ⁸)
298 2001 456 2034 Horat.
477 2000 570 2039 epist.
591 2002 635 2031 111
658 2011 684 2030 ι.
703 2005 752 2037 48.
835 2026 839 2028 .
900 2024 904 2026 .
