1995 2496
1683 149 1703 186 5

234 221 345 256 cenda
372 218 565 264 Theologia
589 221 682 256 nefas
706 220 864 267 putabat,
898 220 982 264 alia,
1019 234 1124 267 quam
1148 222 1274 258 Latina
1296 223 1418 268 lingua
1438 223 1505 267 uti,
1541 237 1562 258 a
1586 225 1702 261 multis

218 278 268 320 ‘se
291 294 363 317 non
387 283 535 328 intelligi
557 283 714 326 videret,
736 283 945 328 laboresque
968 295 1049 318 suos
1072 297 1237 329 magnam
1261 291 1398 332 partem
1424 285 1589 320 fmstrari.

326 343 558 378 Consentiunt
582 344 618 379 in
640 345 705 379 hac
733 353 853 378 caussa
885 355 966 377 cum
994 351 1111 379 nostro
1135 346 1218 389 viri,
1253 347 1316 392 qui
1347 347 1438 381 nihil
1465 347 1618 382 tribuere
1648 359 1704 381 so-

232 405 308 439 lent
333 402 573 451 praejudicatis
591 403 832 450 opinionibus,
855 403 945 438 nihil
965 415 1091 450 negare
1112 406 1256 449 veritati,
1279 407 1365 451 viri,
1388 407 1555 453 inquam,
1576 407 1704 452 gravis-

180 469 183 472 '
233 465 326 507 simi,
351 471 387 499 et
411 465 535 499 acerbe
557 468 838 510 conqueruntur,
862 463 1001 508 linguae
1020 465 1200 500 Romanae
1221 468 1392 510 studium,
1417 480 1491 513 quo
1509 468 1704 502 Germano-

231 539 308 560 rum
334 527 475 560 scholae
502 525 588 560 olim
617 530 799 570 tantopere
831 523 1039 569 flagrabant,
1069 527 1117 561 ita
1148 539 1244 562 nunc
1275 528 1504 571 deferbuisse,
1537 535 1579 563 ut
1610 528 1703 564 inter

226 586 375 633 juvenes
398 586 612 621 academicos
644 585 779 632 oppido
808 597 938 631 paucos
970 587 1138 632 reperias,
1169 588 1231 633 qui
1259 589 1390 630 norint,
1425 589 1511 633 quid
1536 589 1579 622 sit
1604 589 1700 623 bene

229 646 356 681 Latine
377 648 435 682 vel
460 646 629 689 scribere,
651 648 709 681 vel
737 647 857 693 loqui3
878 640 941 692 qiii
970 653 1182 693 utrumque,
1206 650 1264 683 vel
1291 649 1493 683 alterutrum
1515 652 1699 694 praestent,

207 707 457 751 rarissimos,
472 720 545 743 non
572 709 689 743 nullos
716 709 822 750 aden,
847 708 930 753 qui,
954 710 1018 754 pro
1041 710 1179 755 pudor,
1204 709 1328 744 Latine
1343 709 1467 755 scripta
1483 720 1529 744 ne
1553 709 1698 754 quidem

230 761 392 814 prompte
414 774 448 802 et
471 768 631 814 expedite
655 770 770 813 legere
795 768 988 803 didicerint.

301 830 423 866 ,Hanc
447 829 623 864 miseriam
655 829 805 864 maxime
832 836 1047 876 compertam
1071 836 1106 866 et
1132 834 1346 877 exploratam
1370 831 1502 866 habent
1529 830 1597 874 illi,
1622 830 1700 876 qui-

227 889 294 922 bus
317 899 373 922 eas
405 887 564 922 scientias
596 886 739 933 publice
769 885 928 934 profiteri
961 888 1122 933 contigit,
1159 902 1308 935 qua-rum
1336 890 1602 934 intelligentiam
1627 902 1701 924 non

231 950 396 992 aliunde,
428 961 534 995 quam
561 961 582 983 a
616 948 752 984 Latinis
780 947 900 990 litteris
932 949 1154 996 potissimum
1180 956 1337 997 repetere
1364 950 1466 994 licet,
1503 948 1702 998 cujusmodi

233 1018 284 1045 est
307 1032 351 1039 --
376 1016 414 1044 ut
437 1022 533 1044 nunc
564 1009 721 1043 omittam
753 1009 925 1044 doctrinas
956 1011 1171 1054 theologicas
1198 1030 1243 1037 —
1262 1011 1352 1058 juris
1387 1011 1589 1056 praesertim
1619 1023 1700 1046 curn

233 1071 402 1115 Romani,
426 1077 501 1106 tum
529 1070 688 1106 canonici
714 1070 910 1117 prudentia.
957 1070 1136 1115 Profecto,
1161 1072 1191 1106 si
1212 1084 1318 1117 quam
1339 1071 1378 1106 in
1399 1072 1469 1106 hoc
1490 1076 1699 1116 argumento

230 1145 348 1168 meum
373 1132 614 1169 testimonium
635 1132 708 1167 vim
729 1133 854 1175 habet,
877 1138 1036 1177 egomet,
1061 1133 1246 1167 diuturnus
1270 1143 1387 1168 rerum
1412 1132 1699 1167 scholasticarum

229 1194 565 1230 et'academicarum
591 1198 780 1237 spectator,
822 1193 884 1238 qui
908 1192 982 1238 jam
1013 1198 1094 1227 ante
1124 1194 1190 1227 hos
1222 1205 1335 1227 annos
1373 1199 1452 1227 octo
1484 1198 1519 1227 et
1548 1192 1697 1236 triginta,

229 1253 435 1288 Rhetoricae
461 1259 564 1297 atque
592 1252 740 1287 Poeseos
766 1257 948 1298 praecepta
971 1252 1254 1288 adolescentibus
1277 1253 1316 1287 in
1337 1252 1444 1299 hujus
1473 1252 1580 1286 Urbis
1603 1264 1701 1298 gym-

230 1314 329 1348 nasio
353 1312 528 1359 explicare
553 1311 669 1359 jussus
692 1325 788 1354 sum,
821 1323 938 1357 neque
960 1325 1119 1358 unquam
1152 1312 1352 1359 disciplinas
1377 1312 1569 1348 severiores
1597 1325 1617 1346 a
1645 1312 1701 1346 lit-

231 1375 310 1410 teris
336 1373 596 1408 amoenioribus
620 1371 853 1419 sejungendas
881 1372 1094 1416 existimavi,
1116 1374 1192 1420 ipso
1215 1385 1283 1407 usu
1310 1373 1473 1415 edoctus,
1503 1384 1588 1408 vere
1612 1371 1701 1407 affir-

231 1447 328 1470 mare
349 1447 511 1481 possum,
532 1446 576 1470 ex
602 1446 674 1480 quo
693 1432 781 1480 juris
802 1434 954 1469 Romani
976 1434 1014 1469 in
1038 1436 1105 1470 hac
1129 1433 1319 1469 Academia
1341 1432 1593 1479 interpretandi
1615 1432 1702 1467 mihi

231 1497 412 1542 provincia
443 1496 650 1531 demandata
683 1501 753 1536 est,
787 1494 825 1528 in
859 1507 970 1529 annos
998 1507 1111 1540 prope
1138 1496 1296 1538 singulos
1320 1494 1503 1539 pauciores
1542 1493 1700 1535 existere,

233 1556 293 1603 qui
310 1558 354 1590 ad
374 1558 460 1589 haec
484 1555 598 1589 studia
623 1566 700 1588 eam
722 1554 863 1598 linguae
889 1554 1036 1588 Latinae
1059 1554 1220 1588 notitiam
1245 1554 1404 1596 afferant,
1426 1565 1516 1599 quae
1541 1551 1699 1589 sufficere

231 1629 333 1666 posse
354 1616 530 1657 videatur,
555 1617 649 1661 ipsos
672 1616 794 1659 legum
816 1615 929 1650 sontes
951 1615 1064 1658 adire,
1090 1616 1247 1661 indeque
1273 1615 1421 1650 solidam
1449 1620 1482 1649 et
1510 1615 1698 1649 masculam

228 1678 315 1726 juris
341 1675 519 1711 scientiam
540 1674 676 1709 haurire
702 1675 936 1720 cupientibus.
997 1676 1110 1721 Quod
1134 1677 1215 1721 plus
1243 1681 1313 1718 est,
1344 1688 1425 1710 cum
1455 1674 1609 1710 triennio
1641 1675 1699 1709 ab·

231 1740 335 1781 hinc,
361 1748 454 1771 anno
477 1734 640 1770 videlicet
656 1734 929 1777 CffiCICCCX,
953 1735 1153 1782 iterumque
1179 1748 1275 1771 anno
1302 1735 1467 1781 sequenti
1488 1735 1696 1777 Protectoris

231 1798 431 1834 Academici
457 1808 584 1831 munus
618 1795 772 1838 obirem,
797 1807 841 1830 ex
866 1796 1009 1831 diversis
1036 1796 1241 1840 regionibus
1279 1802 1313 1830 et
1340 1796 1467 1830 scholis
1494 1797 1564 1829 huc
1595 1797 1699 1830 adve-

231 1870 315 1895 nere
349 1856 620 1898 Grammaticae,
654 1855 877 1900 Rhetoricae,
914 1857 1082 1898 Poeseos,
1120 1854 1370 1901 Philosophiae
1404 1855 1507 1889 etiam
1539 1856 1699 1899 studiosi,

233 1925 413 1966 rogantes,
438 1923 479 1952 ut
505 1917 588 1964 ipsis
609 1915 776 1952 viaticum
799 1927 843 1952 ex
867 1917 999 1953 aerario
1023 1916 1234 1952 Academico
1256 1915 1555 1961 suppeditandum
1575 1929 1700 1963 procu-

233 1992 365 2023 rarem,
389 1978 534 2025 quibus,
557 1979 602 2013 ad
625 1976 888 2024 periclitandam
899 1989 1031 2015 *eorum
1061 1977 1253 2014 doctrinam
1277 1989 1359 2012 cum
1382 1988 1491 2012 unam
1511 1979 1700 2013 alteramve
