1995 2496
1618 188 1662 226 13

201 264 388 311 appellatio
411 269 556 313 praese
579 262 658 309 sert.-
695 262 743 296 Et
763 262 927 308 profecto.
940 261 1073 297 coiere
1091 266 1395 307 progressa-erant
1418 262 1664 308 theologorum

200 326 334 366 studia,
348 330 398 357 *ut
420 323 456 356 in
480 336 562 368 agro
589 324 793 368 theologico*
811 334 877 369 pro
903 328 1069 357 semente·
1083 322 1179 355 bona
1202 333 1289 368 non¹
1302 328 1495 366 sereretur,
1520 323 1590 358 nisi
1615 323 1667 357 in-

201 384 286 419 felix
315 385 459 427 lolium,
491 391 523 419 et
543 383 710 431 juventus
735 394 801 429 pro
822 382 985 428 frugibus
1007 385 1132 430 optatis
1155 396 1230 419 non
1250 389 1412 427 meteret,
1438 374 1507 418 nisi
1530 383 1666 426 urticas,

206 445 331 480 zizania
362 447 563 491 sterilesque
590 456 727 482 avenas.
784 444 894 489 Quod
929 457 1009 478 cum
1047 445 1270 479 intellexisset
1298 445 1432 479 Manu
1474 445 1669 486 Tflssnesm,

202 505 373 541 bonarum
401 506 525 539 artium
548 506 674 539 fautrix
698 509 733 539 et
753 505 972 538 restauratrix
997 505 1255 552 augustissima,
1278 507 1355 550 lege
1373 505 1540 547 sancivit,
1566 511 1607 539 ut
1630 504 1669 538 in

201 566 366 600 omnibus
393 565 578 600 academiis
600 563 1034 610 theologiaeprofessores
1055 576 1099 600 ex
1115 565 1192 598 aliis
1207 565 1426 601 societatibus
1451 565 1669 607 monasticis,

203 616 424 671 potissimum
448 636 491 658 ex
514 624 836 673 Augustinensium
859 631 893 660 et
913 625 1236 659 Dominio-anorum
1255 632 1358 661 coetu
1377 626 1528 660 Jesuitis
1543 625 1665 673 adjun-

202 691 347 730 gantur,
374 698 445 730 quo
468 685 641 720 tironibus
666 685 839 730 integrum
870 692 976 729 esset,
998 698 1087 731 quos
1111 688 1262 729 vellent,
1286 686 1354 721 sibi
1377 687 1556 730 magistros
1586 686 1669 721 deli·

201 760 292 793 gere.
344 748 416 782 Usa
444 752 494 781 est
515 758 554 781 ea
578 747 614 781 in
637 757 674 781 re
700 746 830 792 optima
853 747 1019 794 Princeps
1041 747 1260 794 potissimum
1289 748 1442 783 consiliis
1463 747 1670 782 Simonis

204 808 439 842 Ambrosii
460 808 512 841 de
533 807 685 849 Seeck,
709 808 874 842 ecclesiae
900 809 1104 855 cathedralis
1131 809 1342 844 Viennensis
1366 809 1539 844 Canonici
1559 815 1594 844 et
1620 809 1671 843 rei

207 869 423 913 theologicae
445 869 482 902 in
502 868 640 902 Austria
661 868 861 911 directoris,
883 868 952 904 viri
972 880 1118 914 genere,
1143 869 1319 912 doctrina,
1342 869 1470 904 virtute
1492 874 1668 916 praestan-

206 930 269 971 tis,
293 930 553 963 adextremum
582 927 739 974 episcopi
758 929 973 963 Roconensis
1001 930 1039 964 in
1062 930 1259 974 Hungaria.
1274 929 1312 971 ἢ
1372 930 1498 974 Itaque
1518 930 1557 963 in
1582 941 1676 963 man-

206 990 292 1025 datis
315 991 433 1023 datum
465 995 515 1023 est
543 988 687 1023 Ordinis
712 989 962 1034 Augustiniani
988 991 1210 1036 praepositis,
1233 995 1273 1024 ut
1291 990 1407 1024 virum
1433 990 1516 1025 huic
1541 989 1678 1024 muneri

210 1050 375 1085 obeundo
414 1060 533 1095 parem
571 1049 801 1086 nominarent.
869 1050 1024 1084 Primum
1059 1050 1277 1085 destinarunt
1315 1051 1500 1085 Jordan
1513 1064 1580 1084 um
1619 1050 1678 1084 Si-

209 1111 401 1151 mon;**)
439 1110 591 1152 deinde,
616 1122 695 1145 cum
722 1110 769 1152 is,
803 1110 1013 1145 valetudinis
1041 1110 1315 1145 imbecillitatem
1339 1117 1530 1153 caussatus,
1554 1110 1676 1145 venire

209 1174 340 1214 nollet,
365 1171 477 1205 fausto
500 1171 615 1205 sidere
633 1172 755 1205 Sacrae
777 1169 951 1217 Majestati
968 1171 1173 1205 obtulerunt
1196 1170 1519 1218 Engelbercum
1545 1170 1679 1214 Klep-

197 1232 386 1275 felium,
412 1231 474 1274 qui
500 1231 576 1264 sine
605 1231 826 1265 cunctatione
851 1232 1036 1274 probatus,
1059 1231 1103 1263 ad
1130 1230 1224 1264 diem
1253 1230 1330 1267 XV.
1356 1232 1442 1266 Dec.
1465 1230 1551 1264 anni
1584 1228 1679 1274 1767.

210 1290 363 1325 doctoris
388 1289 587 1333 theologiae
610 1290 755 1323 nomine
772 1301 812 1323 ac
834 1289 1028 1333 insignibus
1054 1288 1092 1322 in
1115 1279 1181 1324 hac
1205 1290 1388 1325 Albertina
1415 1291 1597 1324 decoratus
1620 1294 1681 1330 est,

212 1357 246 1386 et
270 1351 314 1385 ad
331 1349 447 1385 XVlI.
473 1348 629 1396 ejusdem
656 1349 783 1383 mensis
799 1350 1050 1395 praelectiones
1067 1349 1266 1395 theologiae
1287 1348 1579 1399 Augustiniano·
1592 1347 1683 1382 Tho-

218 1411 376 1446 misticae
399 1410 550 1444 solemni
575 1409 731 1444 oratione
759 1421 911 1444 exorsus.
1271 1396 1278 1404 ⁸

307 1472 394 1505 Eam
424 1483 496 1505 rem
526 1483 631 1516 quam
652 1469 802 1515 graviter
831 1476 865 1504 et
888 1471 1033 1504 moleste
1064 1470 1209 1505 tulerint
1235 1471 1417 1514 Jesuitae,
1442 1471 1505 1517 qui
1528 1470 1595 1506 sibi
1622 1470 1688 1504 soli

214 1532 393 1579 sapientes
424 1532 646 1573 videbantur,
678 1531 837 1574 aliosque
871 1541 993 1564 omnes
1025 1542 1108 1575 prae
1143 1542 1180 1564 se
1212 1532 1390 1577 despicere
1417 1531 1594 1572 solebant,
1629 1541 1688 1565 me

220 1593 323 1626 etiam
350 1604 423 1625 non
455 1598 620 1625 monente
648 1590 748 1623 facile
776 1588 890 1632 quivis
910 1588 1139 1622 arbitrabitur.
1187 1590 1334 1635 Optime
1360 1596 1558 1636 perspectos
1583 1590 1689 1624 habe-

218 1652 278 1687 bat
308 1663 431 1685 eorum
455 1661 569 1684 mores
594 1648 879 1692 Kliipfelius,
910 1659 976 1681 nec
1004 1655 1162 1694 poterat,
1193 1662 1274 1684 cum
1298 1650 1524 1699 Friburgum
1545 1656 1688 1696 peteret,

218 1713 316 1748 aliud
344 1711 482 1745 sibimet
513 1709 705 1755 praesagire
730 1714 790 1742 aut
819 1714 1033 1753 exspectare,
1068 1709 1138 1744 nisi
1166 1722 1284 1756 parem
1318 1723 1399 1745 cum
1431 1711 1473 1745 iis
1500 1710 1688 1752 fortunam,

225 1785 329 1819 quam
355 1779 433 1805 ante
460 1770 575 1815 ipsum
606 1768 738 1814 experti
764 1775 877 1810 erant,
915 1773 1090 1813 quotquot
1126 1771 1305 1807 doctrinae
1342 1771 1617 1815 Augustinianae
1646 1781 1688 1805 ,se

228 1834 446 1875 addixerant,
479 1830 537 1864 Ca
550 1830 653 1864 rdin
666 1829 761 1863 alis
786 1826 1019 1871 Nor'isius,
1054 1829 1172 1863 Chri
1185 1830 1370 1864 stianus
1392 1830 1424 1863 L
1437 1842 1490 1876 up
1504 1841 1568 1871 us,
1592 1828 1692 1863 Ful-

245 1986 248 1989 ·
265 1971 298 2009 ⁶)
319 1971 394 2001 Vid.
416 1968 635 2011 Klt’ipselii
652 1971 777 1999 necrol.
798 1980 879 2010 1ης.-
892 1971 936 1999 28.
955 1979 1028 2007 sqq.

262 2024 318 2061 θα)
344 2024 416 2056 vid.
437 2023 517 2052 ibid.
537 2025 675 2063 pag-38.
694 2031 764 2061 sqq.
