1995 2496
780 179 921 211 cuns
949 178 1108 209 rArmA.
1624 170 1678 210 23·

300 245 399 290 ligno
424 249 441 288 (
448 244 529 280 dem
542 245 828 292 Schnellgalgen)
850 252 986 282 summa
1001 246 1185 282 velocitate
1206 244 1384 293 jactantur
1394 252 1553 288 sunum,
1577 245 1675 281 deor-

245 297 248 299 *
300 316 423 349 mnu:
434 317 508 341 non
544 306 625 357 sine
647 307 932 355 praesentissimo
964 301 1175 346 valetudinis
1199 313 1260 343 aut
1282 297 1377 344 *isac
1403 305 1593 364 periculos
1619 307 1677 341 1u-

302 354 392 401 dicia
420 367 576 413 'capitalia
603 369 689 404 olim
722 368 848 403 habita
863 368 970 403 fuisse
995 361 1216 414 Wpseldae,
1252 360 1288 403 et
1320 349 1605 403 animadv‘asum
1636 367 1675 400 in

302 428 532 471 facinorosos,
556 428 686 464 indicat
704 428 821 471 collis,
843 427 979 464 vicinus
999 429 1163 467 ecclesiae
1185 428 1275 473 (der
1289 422 1503 474 Centberg).
1533 428 1676 463 Eodem

299 482 587 535 spectatzmunus
616 489 837 538 Centgravii,
861 495 895 523 et
918 501 1126 524 assessorum
1156 490 1232 537 ejus
1256 488 1606 534 (Ceut-Schb'ffln)
1631 490 1676 522 ad

299 555 452 583 nostram
486 560 598 593 usque
629 549 1015 592 aetatem·tra‹luctum,
1053 562 1264 597 quamquam
1300 551 1400 586 valde
1434 549 1675 592 imminutum,

295 609 542 649 restrictumve.
588 606 662 644 Etsi
695 622 800 654 vero,
835 611 919 647 inde
957 624 978 646 a
1012 614 1121 660 longo
1154 624 1325 648 annorum
1361 613 1510 647 decursu
1538 609 1674 658 judicia

300 671 459 717 capitalia
483 671 621 713 haberi,
646 677 680 705 et
705 661 797 706 suini
823 674 867 707 de
891 673 958 707 reis
980 673 1152 719 supplicia
1178 672 1362 707 desierintx
1385 670 1534 718 patibuli
1555 676 1674 705 tamen

299 733 450 778 collapsa
470 733 616 775 rudera,
641 738 674 767 et
691 733 889 779 propinqua
912 734 1008 767 vallis
1031 733 1120 776 (der
1135 732 1475 782 Schelmengraben)
1499 733 1612 772 locus,
1637 730 1675 765 in

300 804 372 838 quo
401 792 595 827 occisorum
621 793 790 828 cadavera
817 793 1096 833 tumulabantur,
1119 794 1198 827 satis
1223 795 1414 835 declarant,
1439 790 1676 838 conjecturam

301 850 345 887 de
367 853 520 887 nominis
547 859 682 899 etymo,
720 866 825 898 quam
855 856 969 897 attuli,
1002 868 1066 889 sua
1091 855 1391 890 verisimilitudine
1416 853 1512 888 haud
1534 862 1677 898 prorsus

299 911 449 947 destitui.

347 1034 431 1068 Non
460 1035 583 1080 procul
617 1034 802 1080 Wpfilda
843 1033 961 1071 sedem
1001 1033 1107 1067 fuisse
1142 1032 1273 1067 nobilis
1306 1032 1487 1079 cujusdam
1519 1033 1679 1075 familiae,

302 1093 487 1141 conjicitur
510 1107 553 1130 ex
577 1095 685 1130 veteri
702 1101 812 1130 castro
837 1095 1091 1143 Clingenberg,
1115 1093 1152 1127 in
1168 1105 1318 1127 amoeno
1334 1094 1425 1127 colle
1441 1094 1485 1127 ad
1505 1094 1679 1127 Moenum

303 1156 506 1201 conspicuo.
554 1156 679 1200 Neque
705 1156 831 1190 desunt
858 1167 900 1190 ex
931 1155 1041 1200 prima
1069 1151 1267 1196 nobilitate,
1306 1153 1367 1199 qui
1400 1165 1534 1189 nomen
1562 1154 1677 1188 sibi-a

306 1216 493 1262 Wpselda
528 1222 713 1250 traxerunt.
761 1217 922 1251 Occurrit
961 1216 1056 1261 apud
1095 1214 1298 1259 Groppium
1337 1215 1439 1250 Tom.
1466 1216 1496 1249 1.
1530 1227 1679 1261 operum

303 1278 379 1313 Lat.
407 1289 483 1323 pag.
505 1277 580 1317 841.
611 1277 754 1321 quidam
784 1277 895 1311 Otto
926 1279 973 1311 de
1007 1277 1240 1323 Wipfeld‚
1281 1277 1485 1310 Canonicus
1516 1277 1681 1309 ecclesiae

303 1338 516 1372 cathedralis
545 1331 908 1384 (Wirceburgensis)
930 1338 995 1371 sub
1020 1337 1286 1371 Reinhardo
1312 1336 1479 1382 episcopo
1503 1348 1559 1370 an.
1581 1335 1677 1384 ,¹¹73-

304 1399 481 1433 Floruisse
511 1399 659 1433 eandem
692 1399 857 1432 familiam
892 1400 1008 1433 adhuc
1041 1392 1160 1434 seculo
1188 1398 1267 1433 XV.
1302 1398 1346 1430 ad
1370 1396 1476 1431 finem
1503 1403 1679 1441 vergente,

305 1460 470 1493 discimus
496 1466 571 1493 tum
591 1471 635 1493 ex
658 1460 739 1493 albo
764 1458 1059 1507 Ihgolstadiensis
1081 1458 1296 1500 academiae,
1320 1457 1376 1493 cui
1395 1470 1449 1491 an.
1481 1467 1594 1503 1472„
1619 1456 1681 1502 qui

308 1526 380 1553 erat
405 1532 517 1552 annus
540 1520 673 1563 primus
700 1526 834 1552 erectae
857 1519 1103 1559 universitatis,
1129 1520 1276 1552 insertus
1302 1518 1429 1560 legitur
1455 1517 1679 1551 Henricus

306 1580 352 1612 de
377 1578 453 1611 ‘W
457 1578 470 1609 i
475 1590 501 1621 p
508 1590 536 1621 p
535 1578 590 1621 fe
603 1578 647 1609 ld
680 1577 867 1611 canonicus
886 1567 1167 1620 >Eustaettensis3
1206 1583 1280 1627 tu9m
1317 1589 1361 1611 ex
1392 1578 1679 1624 inscriptionibus

307 1637 459 1673 collectis
481 1649 501 1671 a
533 1637 752 1671 Conrado
778 1637 1089 1686 Peulingero,
1113 1650 1157 1673 ex
1183 1637 1310 1684 quibus
1334 1640 1522 1673 nonnullas
1546 1640 1682 1674 recudit

305 1699 338 1732 F
346 1710 464 1731 ranc.
492 1697 527 1731 V
531 1697 711 1731 eit-hius
744 1698 782 1732 in
817 1698 891 1732 vita
917 1698 1128 1747 Peutingeri
1154 1712 1230 1745 pag.
1258 1711 1311 1734 υ.
1360 1699 1443 1734 Una
1469 1711 1512 1734 ex
1538 1699 1606 1734 illis
1632 1699 1682 1735 sic

306 1760 431 1812 habet:
481 1757 666 1791 Gentilitio
704 1765 901 1802 stemmate,
949 1759 1039 1802 vita,
1080 1761 1305 1805 moribusque
1340 1760 1486 1803 nobilis,
1524 1761 1682 1795 Kar-olus

309 1818 749 1866 WypfeldsEustettensis
773 1820 936 1854 ecclesiae
959 1816 1166 1864 canonicus,
1189 1821 1391 1875 conditorio
1412 1822 1481 1855 hoc
1506 1821 1597 1855 situs
1622 1828 1683 1855 est.

310 1879 411 1914 Obiit
441 1878 705 1913 MCGCCXCI.
739 1880 819 1914 XV.
844 1881 910 1915 Kls
942 1881 1097 1919 Julius..
1123 1883 1189 1916 His
1216 1882 1358 1917 certiora
1391 1882 1505 1916 forsan
1533 1881 1687 1918 dedisset

312 1940 455 1975 Celtis
495 1940 533 1975 in
578 1952 639 1974 sua
680 1940 873 1977 Germania
906 1943 1109 1985 illustrata,
1159 1954 1264 1988 quam
1300 1943 1338 1978 in
1379 1942 1567 1989 deperditis
1611 1954 1686 1978 esse

243 2034 249 2039 ,
312 2003 481 2037 dolemus.
