1995 2496
301 186 345 210 12

294 246 449 294 paravit,
482 248 544 282 sed
567 245 877 287 animumvetiam,
913 253 985 286 quo
1017 251 1092 274 non
1126 240 1264 285 minus,
1301 256 1407 289 quam
1431 245 1576 291 ,ingenio
1599 246 1762 282 homines

300 320 437 348 sumus,
472 309 516 340 ad
539 311 692 341 omnens
707 303 954 338 humanitatem
981 301 1221 344 virtutemque
1247 304 1356 347 magis
1392 307 1572 352 magisque
1604 306 1764 342 excoluit,

297 367 468 413 Prospere
499 367 621 411 obtigit
642 364 692 399 issi
715 363 751 396 in
778 363 843 397 hac
870 367 983 409 sparta
1004 360 1134 396 sodalis
1157 369 1191 397 et
1213 365 1364 410 collega,
1389 365 1555 412 idemque
1577 369 1760 415 gymnasio

293 429 506 474 praelectus,
543 425 791 460 possidius
825 426 993 468 litter,
1032 427 1083 461 vir
1111 438 1232 472 graece
1254 433 1289 462 et
1312 427 1419 462 latine
1445 428 1585 468 doctus,
1615 441 1636 463 e
1664 429 1764 475 cujus

297 488 527 523 contubernio
549 493 582 520 et
612 487 869 521 consuetudine
893 498 930 521 se
956 487 1152 533 plurimum
1175 487 1377 534 profecisse,
1412 487 1566 532 ingenue
1587 489 1766 531 confessus

292 556 357 588 est,
383 554 419 581 ut
445 559 508 592 pro
532 553 628 582 certo
648 545 813 582 affirmari
838 548 965 593 possit,
989 547 1027 582 in
1051 548 1334 583 hac-vitaesssuae
1357 554 1452 593 parte
1473 548 1767 594 Klizpselium

290 608 518 643 fundamenta
541 606 683 655 jecisse,
709 609 837 654 quibus
866 614 1003 644 vastum
1031 615 1153 655 postea
1183 608 1389 644 eruditionis
1423 607 1621 643 aedificium
1649 617 1768 655 super-

290 670 463 705 struxerit.
534 669 803 703 Munnerscadii
845 670 1089 716 quinquennio
1133 670 1171 703 in
1209 669 1336 715 puerili
1379 669 1596 704 institutione
1638 676 1771 712 exacto,

293 730 577 776 Oberndotfium·
601 731 724 764 missus
749 736 817 773 est,
842 737 880 765 ut
895 731 1143 775 Augustiniani
1159 731 1312 765 sodalitii
1331 732 1494 765 alumnos
1506 731 1767 778 philosophiam

294 792 444 827 doceret.
493 794 534 826 Id
557 804 618 837 per
643 792 829 826 biennium
853 805 935 827 cum
959 792 1202 837 praestitisset,
1226 791 1425 826 tentaminis
1449 803 1569 825 caussa
1594 793 1772 837 publicam

290 853 425 897 paravit
460 854 751 899 disputationem,
788 853 1014 898 primumque
1052 853 1228 888 doctrinae
1261 853 1458 898 specimen,
1487 852 1767 894 lucubrationem

291 914 417 955 edidit,
453 927 522 960 qua
560 914 764 948 sententiam
798 913 1024 956 Thaletis,
1060 925 1187 958 aquam
1221 924 1409 958 corporum
1443 923 1517 947 esse
1544 911 1768 959 principium,

291 975 447 1010 stabilire
480 981 623 1009 conatus
657 980 715 1009 est.
773 976 882 1009 Paulo
915 980 994 1021 p'ost
1020 975 1064 1009 ad
1087 974 1301 1018 theologiam
1331 974 1420 1008 inter
1444 985 1525 1007 suos
1551 974 1795 1023 tradendam„

293 1036 527 1083 Moguntictm
552 1036 722 1081 primum,
756 1037 885 1070 deinde
918 1036 1167 1069 Constantiam
1191 1036 1389 1078 ablegatur,
1423 1035 1486 1068 ubi
1514 1047 1568 1068 an.
1600 1034 1695 1080 1767.
1719 1048 1769 1071 as-

290 1095 459 1130 sertiones
480 1096 692 1140 theologicas
723 1097 768 1130 ad
792 1097 1060 1142 disceptandum
1088 1096 1229 1142 publice
1253 1095 1452 1141 proposuit,
1488 1108 1573 1140 quas
1604 1096 1769 1143 discipuli

291 1155 365 1201 ejus
389 1157 424 1190 in
450 1168 579 1201 magno
605 1159 791 1191 doctorum
815 1156 1005 1190 hominum
1033 1166 1199 1190 consessu
1228 1155 1311 1189 scite
1334 1157 1424 1189 adeo
1454 1161 1665 1200 strenueque
1693 1169 1770 1202 pro-

292 1221 513 1261 pugnarunt,
543 1222 583 1249 ut
611 1216 771 1259 magister
791 1227 935 1260 quoque
961 1227 1126 1259 magnam
1152 1215 1221 1248 sibi
1240 1214 1445 1248 adscisceret
1468 1214 1769 1258 existimationem,

287 1277 502 1321 laudemque
544 1277 639 1320 apud
677 1287 758 1309 suos
791 1275 865 1322 jam
901 1277 963 1310 diu
997 1282 1132 1322 partam
1165 1274 1358 1320 plurimum
1391 1279 1550 1318 augeret,
1585 1275 1767 1310 confirma-

289 1342 424 1381 retque.

379 1399 412 1431 A
447 1397 587 1431 duobus
623 1396 696 1443 jam
722 1397 886 1440 seculis,
924 1402 958 1431 et
998 1398 1099 1442 quod
1136 1395 1306 1438 excurrit,
1342 1395 1504 1429 Jesuitae
1536 1409 1658 1432 omnes
1693 1398 1765 1434 fere

296 1457 559 1491 Catholicorum
585 1458 720 1491 scholas
747 1466 782 1491 et
809 1457 1010 1495 litterarum=
1028 1458 1206 1503 quoddam
1233 1456 1480 1501 monopolium
1511 1459 1641 1493 sensim
1668 1471 1768 1496 occu-

294 1522 479 1564 paverant,
516 1517 610 1550 unde
647 1517 805 1551 effectum
844 1525 911 1558 est,
946 1524 984 1551 ut
1021 1523 1055 1552 et
1088 1519 1301 1563 praeclaram
1335 1529 1401 1550 suo
1438 1517 1554 1551 ordini
1592 1519 1770 1554 doctrinae

293 1579 420 1612 lamam
448 1577 671 1621 colligerent,
705 1582 740 1611 et
763 1578 966 1613 auctoritate
994 1580 1152 1614 valerent
1180 1578 1394 1624 plurimum,
1430 1589 1505 1613 non
1533 1581 1649 1613 solum
1675 1582 1771 1626 apud

292 1637 495 1683 imperitum
523 1638 666 1681 vulgus,
702 1638 764 1672 sed
790 1639 891 1672 etiarn
925 1640 1022 1684 apud
1049 1639 1210 1673 homines
1234 1639 1418 1673 nobilitate
1446 1645 1480 1673 et
1505 1650 1622 1673 rerum
1652 1641 1770 1686 cogni-

291 1699 388 1732 tione
411 1691 642 1743 conspicuos,
674 1697 806 1744 quippe
835 1711 987 1745 quorum
1014 1698 1082 1745 ipsi
1115 1700 1275 1734 omnium
1303 1699 1442 1744 ingenia
1469 1698 1657 1743 finxerant,
1696 1701 1768 1735 ani-

288 1770 439 1805 mosque
462 1758 686 1794 reddiderant
708 1759 807 1804 quasi
835 1760 1015 1794 beneficiis
1048 1759 1118 1793 sibi
1145 1761 1326 1796 devinctos
1359 1767 1393 1794 ct
1422 1760 1607 1794 obnoxios.
1669 1761 1768 1795 Nun-

291 1833 394 1865 quam
421 1827 539 1854 tamen
564 1820 706 1854 deerant
729 1820 796 1855 viri
820 1821 1057 1861 cordatiores,
1093 1819 1220 1864 quibus
1252 1831 1308 1861 ea,
1345 1833 1414 1865 qua
1446 1821 1600 1855 Jesuitae
1625 1823 1769 1858 uteban-
1800 1827 1809 1833 χ

292 1884 364 1923 tur,
385 1892 549 1926 perversa
573 1887 607 1916 et
630 1887 853 1928 praepostera
876 1881 1029 1917 docendi
1053 1880 1140 1915 ratio
1164 1881 1269 1915 valde
1294 1880 1507 1927 displicebat.
1558 1882 1770 1929 Cumprimis

292 1941 537 1987 improbabant
571 1942 674 1977 multi
698 1942 911 1977 'methodum
947 1941 1152 1985 theologiae
1184 1954 1264 1976 cum
1299 1942 1505 1991 dogmatico
1521 1943 1773 1977 -scholastico-

291 2001 542 2047 speculativae,
567 2008 644 2037 tum
669 2002 884 2036 casuiscicae
908 2002 1121 2044 tradendae,
1151 2000 1249 2049 cujus
1275 2002 1456 2048 utriusque
1479 2002 1674 2047 barbariem
1698 2003 1773 2050 ipsa

1500 2484 1871 2496 .7...=-A·;...a...⁴·..·..4=ss—-.4..—i.n
1877 2489 1948 2496 -.......
1955 2485 1995 2496 1⁴1
