1995 2496
1602 189 1617 216 l
1630 191 1645 216 l

182 250 312 288 XXIV.
347 251 496 288 Vocatio
521 250 793 301 Ingolstadium.
840 251 1022 298 stipendio
1043 251 1192 297 publico
1212 250 1426 295 conductus,
1466 247 1652 291 oratoriam

320 317 355 347 et
378 312 549 359 poeticam
573 319 680 349 artem
707 312 884 360 professus.
904 318 955 347 est
977 312 1016 347 in
1038 312 1099 348 illa
1122 312 1311 349 academia.
1363 312 1365 314 ’

182 372 293 408 XXV.
309 374 539 410 Monumenta
551 375 724 418 litteraria,
737 385 827 420 quae
838 375 996 409 admotus
1009 375 1147 410 muneri
1156 375 1373 421 professor-io
1385 374 1519 411 ibidem
1529 376 1653 411 edidit.

183 434 311 471 XXVI.
345 436 556 471 Scholastico
592 447 686 469 anno
723 436 861 480 elapso,
899 435 1071 471 abdicavit
1105 435 1257 470 docendi
1290 448 1443 479 munus,
1475 436 1655 482 profectus

325 497 360 531 V
359 496 508 532 ient'uam.
553 498 611 532 De
635 508 679 531 eo
707 495 861 530 Viennae
882 497 1065 532 retinendo
1088 503 1173 533 vota
1195 504 1229 532 et
1252 497 1408 533 consilia.

180 559 330 595 XXVII.
355 558 571 592 Ratisbonae
593 558 679 592 ludo
703 557 867 592 litterario
890 557 1095 603 praeficitur.
1161 550 1166 554 ”

181 618 350 656 XXVIII.
374 618 521 654 Reditus
544 619 589 653 ad
612 619 824 654 academiam
846 617 1174 668 Ingolstadianam,
1210 619 1467 666 pristinumque
1497 620 1654 657 docendi.

319 693 457 716 munus.

186 742 314 776 XXIX.
340 742 411 776 Iter
432 742 703 787 Spanheimense
725 743 768 776 ad
791 742 946 777 Joann
956 756 1017 777 em
1045 742 1369 786 Trithemium‚
1395 757 1465 789 qua
1490 744 1528 779 in
1552 757 1649 791 pere-

321 805 517 851 grinatione
541 804 763 857 Friburgum
787 804 939 849 divertit,
973 811 1131 840 nostrum
1160 804 1195 839 U
1202 805 1227 839 d
1235 806 1284 838 al
1292 805 1431 840 ricum
1458 805 1517 839 Za
1528 805 1650 840 sium

320 869 537 902 salutaturus.

186 929 295 961 XXX.
320 926 620 977 Peregrinationes
638 926 737 967 aliae,
762 926 845 958 dum
864 930 934 958 erat
947 925 1184 973 Ingolstadii;
1209 937 1293 969 quas
1310 927 1399 960 inter
1416 927 1652 962 memorabilis

325 988 402 1030 illa,
427 1000 533 1032 quam
556 986 637 1020 fecit
656 985 865 1033 Frisingam
889 985 933 1019 ad
955 985 1179 1019 ‚Ioannem
1201 985 1265 1019 Da
1276 986 1471 1036 Ibat-giu
1483 1001 1527 1022 m.

186 1050 314 1083 XXXI.
338 1049 515 1092 Tempore
540 1046 644 1091 pestis
672 1046 768 1089 1495.
792 1046 936 1078 salutem
961 1044 999 1077 in
1020 1044 1101 1088 fuga
1126 1046 1360 1087 quaesiturus,
1386 1047 1657 1097 Heidelbergam

325 1108 440 1157 petiit,
478 1106 682 1153 ibidemque
719 1104 810 1139 filios
849 1103 997 1138 Comitis
1031 1103 1192 1137 Palatini
1226 1104 1264 1139 in
1299 1105 1421 1142 litteris
1454 1107 1586 1144 Latinis
1624 1116 1659 1146 et

325 1171 463 1220 Graecis
487 1169 641 1204 instituit.

183 1234 330 1268 XXXII.
356 1231 500 1265 Reditus
521 1229 784 1277 Ingolstadium
807 1239 900 1260 anno
928 1236 1039 1271 1497„
1081 1228 1165 1260 dum
1193 1227 1294 1262 desiit
1318 1229 1518 1274 contagiosa
1541 1232 1628 1266 lues.

186 1294 352 1328 XXXIII.
378 1291 524 1326 Vocatio
552 1291 741 1331 Viennam,
768 1288 887 1322 litteris
913 1287 1236 1321 Maaeimiliani
1260 1289 1302 1322 I.r
1328 1291 1563 1334 Imperatoris.

185 1354 351 1391 XXXIV.
377 1352 522 1387 Festivis
557 1350 743 1385 sodalitatis
776 1347 962 1383 litterariae
993 1347 1229 1381 Danubianae
1257 1349 1571 1384 exclamationibus
1605 1362 1662 1386 ex-

324 1421 454 1461 ceptus.

189 1475 333 1511 XXXV.
360 1474 550 1520 Multiplex
572 1471 833 1517 disciplinarum
858 1482 984 1514 genus,
1014 1472 1110 1516 quod
1136 1471 1173 1505 in
1196 1471 1371 1505 academia
1400 1471 1434 1504 V
1434 1471 1664 1505 indobonensi

326 1536 473 1571 tradidit.
920 1564 924 1568 ,

189 1597 350 1632 XXXVI.
385 1595 625 1629 Bibliothecae
649 1593 826 1638 Augustae
860 1590 1033 1625 curandae
1066 1596 1170 1636 atque
1193 1591 1231 1625 in
1258 1590 1418 1626 ordinem
1453 1591 1664 1637 redigendae

326 1655 528 1701 strueremus.
584 1665 586 1668 ’
1350 1688 1359 1698 “

191 1717 374 1754 XXXVII.
408 1714 641 1759 Peregrinatio
678 1713 723 1748 ad
755 1711 1005 1748 remotissimos
1048 1713 1255 1749 Germaniae
1301 1713 1389 1748 fines
1433 1714 1669 1761 ultimamque

335 1778 491 1819 Thulen,
516 1776 680 1810 viaticum
704 1775 872 1820 largiente
897 1774 1222 1808 Maximiliano
1250 1776 1473 1819 Imperatore.

193 1841 397 1878 XXXVIII.
438 1838 582 1873 Celtis
611 1837 741 1873 reditus
765 1849 807 1872 ex
832 1837 950 1870 Insula
982 1835 1097 1869 Thule
1120 1836 1162 1869 ad
1189 1835 1448 1881 Imperatorem.
1496 1836 1669 1882 Diploma

330 1900 483 1944 Caesaris
509 1901 551 1933 de
580 1898 740 1941 collegio
767 1903 950 1943 poetarum
976 1903 1009 1929 et
1032 1896 1367 1930 mathematicorum.

194 1962 357 1998 XXXIX.
382 1960 596 1996 Praefectura
615 1958 765 2004 collegii
788 1972 858 1994 una
880 1971 959 1994 cum
983 1957 1143 1993 facultate
1168 1957 1361 1993 coronandi
1386 1961 1506 2005 poetas
1528 1958 1671 1994 deman-

332 2024 411 2058 data
439 2023 519 2056 Cel
529 2022 575 2055 ti.
