1995 2496
200 728 207 785 ‚¹
256 711 391 773 Anni
420 743 502 773 sunt
531 737 601 784 ipsi
630 735 911 783 quatuordeeim,
943 730 1025 772 eum
1052 736 1087 771 b.
1116 736 1417 787 'Engelbertus
1444 734 1728 782 Klffipselius,

257 799 468 844 Academiae
492 805 629 835 nostrae
654 800 759 845 decus
783 805 818 834 et
841 804 1084 834 ornamentum
1102 798 1295 842 singulare,
1318 798 1396 832 viro
1420 798 1629 841 clarissimo,
1652 798 1700 831 Μ
1703 797 1728 831 i.

259 846 344 893 chri
351 860 391 892 el
398 859 412 891 i
434 859 468 892 F
472 861 616 904 edero,
638 861 750 893 semel
761 859 957 903 iterumque
973 870 1057 892 eum
1080 871 1156 893 non
1177 857 1337 892 monenti
1360 863 1513 900 tantum,
1536 860 1599 892 sed
1623 858 1727 893 etiam

255 916 412 953 hortanti
431 924 535 965 atque
558 918 712 964 urgenti,
739 924 797 962 ut,
828 928 918 964 quae
943 918 987 955 de
1013 917 1223 951 Conrado
1251 917 1328 951 Cel
1335 923 1374 950 ιε
1404 918 1616 962 collegisset,
1640 916 1730 964 juris

255 980 398 1014 tandem
434 980 568 1027 publici
604 974 747 1023 faceret,
784 979 896 1015 libere
927 978 1147 1024 candideque
1171 978 1324 1028 aperuit,
1362 990 1453 1024 quae
1478 978 1522 1013 sit
1544 979 1730 1026 praecipua

253 1038 359 1086 hujus
377 1039 606 1075 cunctationis
626 1052 755 1082 caussa,
777 1046 812 1075 et
834 1039 921 1085 quid
936 1039 1086 1075 maxime
1104 1039 1228 1081 obstet,
1251 1050 1460 1084 moramque
1478 1038 1612 1086 injiciat
1633 1047 1728 1075 certo

252 1099 388 1145 alioqui
422 1099 568 1145 fixoque
605 1099 763 1135 consilio.
786 1099 820 1138 ⁴¹)
865 1100 955 1141 „Res
989 1099 1124 1141 meae,’'
1159 1098 1293 1144 inquit,
1329 1092 1385 1148 Υ-4
1407 1100 1510 1134 liceat
1548 1100 1643 1134 enim
1675 1113 1726 1133 του

250 1173 421 1207 pantagati-ov
448 1160 566 1207 potius
590 1160 709 1196 verbis
736 1160 805 1201 uti,
843 1172 948 1206 quam
978 1159 1065 1194 meis
1096 1182 1141 1189 —
1171 1172 1273 1203 „cum
1295 1171 1370 1193 non
1392 1159 1461 1193 sint
1484 1171 1528 1194 eo
1547 1161 1649 1202 loco,
1677 1166 1727 1203 ut,

249 1222 369 1266 „quod
394 1220 623 1265 concinnavi,
650 1222 805 1263 vulgare
837 1220 967 1264 possim
998 1219 1197 1264 sumptibus
1232 1220 1343 1262 meis,
1383 1220 1610 1265 redemptore
1637 1232 1727 1267 opus

252 1285 344 1325 „est,
380 1278 441 1326 qui
468 1279 642 1326 impensas
664 1266 757 1314 serat.
805 1278 1020 1322 causantur,
1058 1279 1223 1313 Latinum
1244 1291 1319 1314 esse
1348 1291 1454 1325 opus,
1496 1280 1622 1314 Latina
1650 1292 1727 1315 non

250 1340 356 1386 „legi,
393 1351 510 1386 neque
548 1340 635 1382 emi,
670 1346 837 1386 tanquam
878 1351 1010 1374 merces
1048 1340 1194 1374 vitiatas.
1240 1341 1296 1382 An
1333 1352 1412 1375 mea
1442 1342 1621 1385 legantur,
1660 1352 1726 1375 nec

251 1413 335 1446 „ne,
364 1400 656 1449 parum'quidem
680 1412 758 1436 mea
782 1399 901 1441 refert,
931 1400 993 1445 qui
1020 1400 1178 1434 foetuum
1202 1411 1363 1434 meorum
1386 1414 1461 1435 non
1483 1414 1560 1435 sum
1582 1401 1729 1435 admira.-

250 1468 345 1506 „tor,
368 1474 485 1509 neque
507 1468 640 1497 amator
661 1461 782 1496 simiae
801 1461 838 1495 in
864 1471 1019 1509 moretm
1044 1466 1178 1495 tantum
1198 1461 1312 1510 abest,
1335 1467 1374 1496 ut
1394 1462 1438 1496 de
1459 1462 1544 1497 fune
1564 1462 1728 1506 cogitem,

253 1522 337 1565 „etsi
363 1528 534 1568 perpetuo
556 1513 769 1566 premantur.
815 1521 862 1555 At
889 1520 977 1553 illud
1001 1521 1112 1562 triste,
1141 1522 1334 1556 evilescere
1364 1522 1554 1566 generatim
1581 1522 1726 1557 Latinae

251 1581 412 1627 „linguae
441 1594 562 1623 usum,
600 1581 669 1626 legi
693 1593 713 1615 a
739 1580 880 1627 paucis,
919 1593 938 1615 a
961 1580 1122 1627 plurimis
1152 1595 1226 1618 non
1262 1583 1410 1629 intelligi
1436 1584 1560 1619 Latine
1590 1586 1725 1632 scripta.

249 1642 412 1690 „Quodsi
451 1643 680 1684 eruditarum,
719 1648 759 1676 ut
790 1643 909 1678 vocari
947 1645 1077 1686 solent,
1115 1644 1316 1691 linguarum
1346 1647 1479 1681 cultura
1524 1645 1724 1691 diligentior

249 1703 548 1749 „negligentiorve
570 1703 658 1749 lapis
680 1702 779 1749 quasi
793 1704 926 1752 Lydius
948 1711 1023 1748 est,
1047 1706 1142 1741 unde
1167 1707 1368 1753 dignoscas,
1391 1708 1469 1754 quis
1490 1708 1534 1742 sit
1550 1708 1722 1742 bonarum

293 1820 325 1858 *)
345 1820 603 1862 Engelberti
620 1819 816 1863 Klic'pfel,
845 1822 923 1851 Ord.
943 1822 974 1852 S,
996 1822 1149 1861 August„
1179 1806 1338 1863 Theologi
1359 1822 1511 1862 Friburg.'
1525 1824 1567 1851 ad
1586 1824 1627 1854 D.
1650 1822 1726 1853 Mi-

328 1874 517 1903 chaelem
538 1875 591 1904 Fe
600 1875 689 1912 der,
716 1875 838 1905 consil.
858 1875 985 1911 eccles„
1006 1874 1292 1905 Bibliothecarium
1324 1877 1553 1907 Academicum
1578 1882 1608 1906 et
1627 1878 1733 1908 Theo-

330 1926 436 1967 logine
464 1927 675 1957 professorem
696 1928 920 1967 Wirceburgi,
950 1925 1087 1967 epistola
1117 1930 1156 1957 de
1185 1938 1296 1959 caussa
1325 1928 1444 1959 dilatae
1464 1929 1621 1959 editionis
1640 1930 1725 1960 vine
1761 1921 1765 1932 ⁵

328 1976 482 2010 Conradi
504 1978 610 2010 Celtis
632 1978 797 2009 Protucii.
828 1979 994 2019 Friburgi—
1011 1991 1093 2018 ¹799·
1115 1990 1131 2017 4
1155 1981 1228 2017 maj.
1584 1972 1588 1979 Α
