<?xml version="1.0" encoding="UTF-8"?>
<!DOCTYPE html PUBLIC "-//W3C//DTD XHTML 1.0 Transitional//EN"
    "http://www.w3.org/TR/xhtml1/DTD/xhtml1-transitional.dtd">
<html xmlns="http://www.w3.org/1999/xhtml" xml:lang="en" lang="en">
 <head>
  <title>
</title>
<meta http-equiv="Content-Type" content="text/html;charset=utf-8" />
  <meta name='ocr-system' content='tesseract 3.04.00' />
  <meta name='ocr-capabilities' content='ocr_page ocr_carea ocr_par ocr_line ocrx_word'/>
</head>
<body>
  <div class='ocr_page' id='page_1' title='image "./4627218_0049.png"; bbox 0 0 1995 2496; ppageno 0'>
   <div class='ocr_carea' id='block_1_1' title="bbox 365 199 1830 434">
    <p class='ocr_par' dir='ltr' id='par_1_1' title="bbox 365 199 417 241">
     <span class='ocr_line' id='line_1_1' title="bbox 365 199 417 241; baseline 0 -11"><span class='ocrx_word' id='word_1_1' title='bbox 365 199 417 241; x_wconf 79' lang='grc' dir='ltr'>4ο</span> 
     </span>
    </p>

    <p class='ocr_par' dir='ltr' id='par_1_2' title="bbox 365 253 1830 434">
     <span class='ocr_line' id='line_1_2' title="bbox 367 253 1830 316; baseline -0.006 -14"><span class='ocrx_word' id='word_1_2' title='bbox 367 267 467 314; x_wconf 88' lang='lat' dir='ltr'>quod</span> <span class='ocrx_word' id='word_1_3' title='bbox 493 265 569 314; x_wconf 78' lang='lat' dir='ltr'>ipse</span> <span class='ocrx_word' id='word_1_4' title='bbox 594 265 627 300; x_wconf 89' lang='lat' dir='ltr'>ei</span> <span class='ocrx_word' id='word_1_5' title='bbox 654 262 891 299; x_wconf 78' lang='lat' dir='ltr'>destinaverat</span> <span class='ocrx_word' id='word_1_6' title='bbox 939 253 1066 307; x_wconf 82' lang='lat' dir='ltr'>Neque</span> <span class='ocrx_word' id='word_1_7' title='bbox 1088 269 1224 303; x_wconf 82' lang='lat' dir='ltr'>vereor,</span> <span class='ocrx_word' id='word_1_8' title='bbox 1245 270 1292 295; x_wconf 87' lang='lat' dir='ltr'>ne</span> <span class='ocrx_word' id='word_1_9' title='bbox 1319 259 1484 296; x_wconf 78' lang='lat' dir='ltr'>irascatur</span> <span class='ocrx_word' id='word_1_10' title='bbox 1503 264 1705 316; x_wconf 76' lang='lat' dir='ltr'>propterea,</span> <span class='ocrx_word' id='word_1_11' title='bbox 1732 259 1830 306; x_wconf 82' lang='lat' dir='ltr'>quod</span> 
     </span>
     <span class='ocr_line' id='line_1_3' title="bbox 365 320 1830 377; baseline -0.003 -15"><span class='ocrx_word' id='word_1_12' title='bbox 365 329 453 364; x_wconf 77' lang='lat' dir='ltr'>hacc</span> <span class='ocrx_word' id='word_1_13' title='bbox 476 331 589 373; x_wconf 85' lang='lat' dir='ltr'>sparta</span> <span class='ocrx_word' id='word_1_14' title='bbox 620 324 709 359; x_wconf 89' lang='lat' dir='ltr'>mihi</span> <span class='ocrx_word' id='word_1_15' title='bbox 739 324 783 359; x_wconf 89' lang='lat' dir='ltr'>sit</span> <span class='ocrx_word' id='word_1_16' title='bbox 809 323 1034 377; x_wconf 86' lang='lat' dir='ltr'>demandata,</span> <span class='ocrx_word' id='word_1_17' title='bbox 1070 322 1129 359; x_wconf 87' lang='lat' dir='ltr'>cui</span> <span class='ocrx_word' id='word_1_18' title='bbox 1153 334 1173 357; x_wconf 87' lang='lat' dir='ltr'>a</span> <span class='ocrx_word' id='word_1_19' title='bbox 1205 320 1323 357; x_wconf 78' lang='lat' dir='ltr'>multis</span> <span class='ocrx_word' id='word_1_20' title='bbox 1356 321 1441 357; x_wconf 87' lang='lat' dir='ltr'>inde</span> <span class='ocrx_word' id='word_1_21' title='bbox 1473 322 1574 357; x_wconf 80' lang='lat' dir='ltr'>annis</span> <span class='ocrx_word' id='word_1_22' title='bbox 1608 335 1646 359; x_wconf 84' lang='lat' dir='ltr'>se</span> <span class='ocrx_word' id='word_1_23' title='bbox 1678 322 1830 368; x_wconf 78' lang='lat' dir='ltr'>amicum</span> 
     </span>
     <span class='ocr_line' id='line_1_4' title="bbox 367 381 1828 434; baseline -0.003 -14"><span class='ocrx_word' id='word_1_24' title='bbox 367 387 655 431; x_wconf 80' lang='lat' dir='ltr'>benevolumque</span> <span class='ocrx_word' id='word_1_25' title='bbox 683 384 857 431; x_wconf 87' lang='lat' dir='ltr'>praebuit,</span> <span class='ocrx_word' id='word_1_26' title='bbox 886 389 920 417; x_wconf 93' lang='lat' dir='ltr'>et</span> <span class='ocrx_word' id='word_1_27' title='bbox 946 395 1021 417; x_wconf 85' lang='lat' dir='ltr'>non</span> <span class='ocrx_word' id='word_1_28' title='bbox 1042 383 1154 419; x_wconf 85' lang='lat' dir='ltr'>semel</span> <span class='ocrx_word' id='word_1_29' title='bbox 1181 381 1369 419; x_wconf 78' lang='lat' dir='ltr'>declaravit</span> <span class='ocrx_word' id='word_1_30' title='bbox 1379 381 1622 434; x_wconf 58' lang='lat' dir='ltr'>{se‘gaudere</span> <span class='ocrx_word' id='word_1_31' title='bbox 1643 384 1688 418; x_wconf 79' lang='lat' dir='ltr'>de</span> <span class='ocrx_word' id='word_1_32' title='bbox 1712 383 1828 434; x_wconf 69' lang='lat' dir='ltr'>Gelee</span> 
     </span>
    </p>
   </div>
   <div class='ocr_carea' id='block_1_2' title="bbox 365 437 1910 492">
    <p class='ocr_par' dir='ltr' id='par_1_3' title="bbox 365 437 1910 492">
     <span class='ocr_line' id='line_1_5' title="bbox 365 437 1910 492; baseline -0.001 -10"><span class='ocrx_word' id='word_1_33' title='bbox 365 448 410 482; x_wconf 90' lang='lat' dir='ltr'>ad</span> <span class='ocrx_word' id='word_1_34' title='bbox 430 446 638 482; x_wconf 83' lang='lat' dir='ltr'>umbilicum</span> <span class='ocrx_word' id='word_1_35' title='bbox 666 437 852 492; x_wconf 86' lang='lat' dir='ltr'>perducto,</span> <span class='ocrx_word' id='word_1_36' title='bbox 881 451 986 492; x_wconf 89' lang='lat' dir='ltr'>atque</span> <span class='ocrx_word' id='word_1_37' title='bbox 1012 444 1104 480; x_wconf 86' lang='lat' dir='ltr'>bene</span> <span class='ocrx_word' id='word_1_38' title='bbox 1134 454 1295 490; x_wconf 84' lang='lat' dir='ltr'>sperare,</span> <span class='ocrx_word' id='word_1_39' title='bbox 1322 455 1399 481; x_wconf 71' lang='lat' dir='ltr'>non</span> <span class='ocrx_word' id='word_1_40' title='bbox 1421 442 1603 480; x_wconf 78' lang='lat' dir='ltr'>defuturos</span> <span class='ocrx_word' id='word_1_41' title='bbox 1629 438 1840 492; x_wconf 54' lang='lat' dir='ltr'>aliquando„</span> <span class='ocrx_word' id='word_1_42' title='bbox 1898 458 1910 471; x_wconf 53' lang='grc' dir='ltr'><strong>τ</strong></span> 
     </span>
    </p>
   </div>
   <div class='ocr_carea' id='block_1_3' title="bbox 348 497 1863 1634">
    <p class='ocr_par' dir='ltr' id='par_1_4' title="bbox 355 497 1863 1212">
     <span class='ocr_line' id='line_1_6' title="bbox 365 497 1830 554; baseline -0.002 -12"><span class='ocrx_word' id='word_1_43' title='bbox 365 508 429 553; x_wconf 82' lang='lat' dir='ltr'>qui</span> <span class='ocrx_word' id='word_1_44' title='bbox 455 508 537 542; x_wconf 87' lang='lat' dir='ltr'>huic</span> <span class='ocrx_word' id='word_1_45' title='bbox 563 505 674 541; x_wconf 80' lang='lat' dir='ltr'>foetui</span> <span class='ocrx_word' id='word_1_46' title='bbox 700 518 825 554; x_wconf 78' lang='lat' dir='ltr'>operas</span> <span class='ocrx_word' id='word_1_47' title='bbox 852 505 1064 540; x_wconf 72' lang='lat' dir='ltr'>obstetricias</span> <span class='ocrx_word' id='word_1_48' title='bbox 1093 510 1206 541; x_wconf 84' lang='lat' dir='ltr'>essent</span> <span class='ocrx_word' id='word_1_49' title='bbox 1227 497 1433 546; x_wconf 80' lang='lat' dir='ltr'>praestituri.</span> <span class='ocrx_word' id='word_1_50' title='bbox 1495 504 1623 547; x_wconf 82' lang='lat' dir='ltr'>Utrum</span> <span class='ocrx_word' id='word_1_51' title='bbox 1643 499 1722 550; x_wconf 70' lang='lat' dir='ltr'>spes</span> <span class='ocrx_word' id='word_1_52' title='bbox 1747 501 1830 541; x_wconf 77' lang='lat' dir='ltr'>eum</span> 
     </span>
     <span class='ocr_line' id='line_1_7' title="bbox 363 559 1830 613; baseline -0.002 -11"><span class='ocrx_word' id='word_1_53' title='bbox 363 566 544 613; x_wconf 75' lang='lat' dir='ltr'>fefellerit,</span> <span class='ocrx_word' id='word_1_54' title='bbox 572 578 649 601; x_wconf 88' lang='lat' dir='ltr'>non</span> <span class='ocrx_word' id='word_1_55' title='bbox 677 572 729 601; x_wconf 89' lang='lat' dir='ltr'>est</span> <span class='ocrx_word' id='word_1_56' title='bbox 752 577 892 609; x_wconf 87' lang='lat' dir='ltr'>meum,</span> <span class='ocrx_word' id='word_1_57' title='bbox 923 563 1123 612; x_wconf 79' lang='lat' dir='ltr'>dijudicare.</span> <span class='ocrx_word' id='word_1_58' title='bbox 1168 563 1366 612; x_wconf 73' lang='lat' dir='ltr'>Equidem,</span> <span class='ocrx_word' id='word_1_59' title='bbox 1390 564 1565 611; x_wconf 85' lang='lat' dir='ltr'>quidquid</span> <span class='ocrx_word' id='word_1_60' title='bbox 1591 565 1629 599; x_wconf 90' lang='lat' dir='ltr'>id</span> <span class='ocrx_word' id='word_1_61' title='bbox 1658 559 1830 604; x_wconf 76' lang='lat' dir='ltr'>estlabo·</span> 
     </span>
     <span class='ocr_line' id='line_1_8' title="bbox 363 625 1829 672; baseline -0.001 -10"><span class='ocrx_word' id='word_1_62' title='bbox 363 628 432 670; x_wconf 89' lang='lat' dir='ltr'>ris,</span> <span class='ocrx_word' id='word_1_63' title='bbox 461 634 554 663; x_wconf 89' lang='lat' dir='ltr'>certe</span> <span class='ocrx_word' id='word_1_64' title='bbox 581 640 602 662; x_wconf 85' lang='lat' dir='ltr'>a</span> <span class='ocrx_word' id='word_1_65' title='bbox 628 637 796 670; x_wconf 87' lang='lat' dir='ltr'>munere,</span> <span class='ocrx_word' id='word_1_66' title='bbox 823 637 896 672; x_wconf 92' lang='lat' dir='ltr'>quo</span> <span class='ocrx_word' id='word_1_67' title='bbox 922 626 1070 671; x_wconf 79' lang='lat' dir='ltr'>fungor,</span> <span class='ocrx_word' id='word_1_68' title='bbox 1099 626 1246 661; x_wconf 87' lang='lat' dir='ltr'>minime</span> <span class='ocrx_word' id='word_1_69' title='bbox 1272 625 1401 668; x_wconf 82' lang='lat' dir='ltr'>alieni,</span> <span class='ocrx_word' id='word_1_70' title='bbox 1437 637 1513 660; x_wconf 88' lang='lat' dir='ltr'>non</span> <span class='ocrx_word' id='word_1_71' title='bbox 1537 626 1645 660; x_wconf 86' lang='lat' dir='ltr'>modo</span> <span class='ocrx_word' id='word_1_72' title='bbox 1674 637 1747 660; x_wconf 84' lang='lat' dir='ltr'>non</span> <span class='ocrx_word' id='word_1_73' title='bbox 1776 625 1829 661; x_wconf 82' lang='lat' dir='ltr'>in·</span> 
     </span>
     <span class='ocr_line' id='line_1_9' title="bbox 363 674 1828 733; baseline -0.002 -11"><span class='ocrx_word' id='word_1_74' title='bbox 363 688 478 731; x_wconf 83' lang='lat' dir='ltr'>vitus,</span> <span class='ocrx_word' id='word_1_75' title='bbox 511 674 574 722; x_wconf 83' lang='lat' dir='ltr'>sed</span> <span class='ocrx_word' id='word_1_76' title='bbox 608 686 872 722; x_wconf 86' lang='lat' dir='ltr'>lubentissimus</span> <span class='ocrx_word' id='word_1_77' title='bbox 908 676 1056 733; x_wconf 85' lang='lat' dir='ltr'>suscepi.</span> <span class='ocrx_word' id='word_1_78' title='bbox 1115 686 1243 733; x_wconf 87' lang='lat' dir='ltr'>Neque</span> <span class='ocrx_word' id='word_1_79' title='bbox 1273 686 1368 722; x_wconf 85' lang='lat' dir='ltr'>enim</span> <span class='ocrx_word' id='word_1_80' title='bbox 1403 685 1555 731; x_wconf 83' lang='lat' dir='ltr'>optatior</span> <span class='ocrx_word' id='word_1_81' title='bbox 1577 690 1714 732; x_wconf 80' lang='lat' dir='ltr'>poterat</span> <span class='ocrx_word' id='word_1_82' title='bbox 1740 684 1828 719; x_wconf 80' lang='lat' dir='ltr'>mihi</span> 
     </span>
     <span class='ocr_line' id='line_1_10' title="bbox 363 744 1828 799; baseline 0 -18"><span class='ocrx_word' id='word_1_83' title='bbox 363 748 605 794; x_wconf 80' lang='lat' dir='ltr'>opportunitas</span> <span class='ocrx_word' id='word_1_84' title='bbox 630 744 851 793; x_wconf 81' lang='lat' dir='ltr'>contingere,</span> <span class='ocrx_word' id='word_1_85' title='bbox 875 759 969 790; x_wconf 86' lang='lat' dir='ltr'>eam,</span> <span class='ocrx_word' id='word_1_86' title='bbox 995 754 1064 794; x_wconf 87' lang='lat' dir='ltr'>qua</span> <span class='ocrx_word' id='word_1_87' title='bbox 1103 748 1236 783; x_wconf 85' lang='lat' dir='ltr'>cineres</span> <span class='ocrx_word' id='word_1_88' title='bbox 1271 752 1376 794; x_wconf 86' lang='lat' dir='ltr'>atque</span> <span class='ocrx_word' id='word_1_89' title='bbox 1407 756 1484 784; x_wconf 72' lang='lat' dir='ltr'>ossa</span> <span class='ocrx_word' id='word_1_90' title='bbox 1511 746 1603 782; x_wconf 84' lang='lat' dir='ltr'>beati</span> <span class='ocrx_word' id='word_1_91' title='bbox 1634 746 1716 793; x_wconf 12' lang='lat' dir='ltr'>viri*</span> <span class='ocrx_word' id='word_1_92' title='bbox 1737 746 1828 799; x_wconf 79' lang='lat' dir='ltr'>colo,</span> 
     </span>
     <span class='ocr_line' id='line_1_11' title="bbox 363 800 1829 853; baseline 0 -12"><span class='ocrx_word' id='word_1_93' title='bbox 363 808 619 843; x_wconf 79' lang='lat' dir='ltr'>observantiam</span> <span class='ocrx_word' id='word_1_94' title='bbox 645 814 798 843; x_wconf 82' lang='lat' dir='ltr'>testatam</span> <span class='ocrx_word' id='word_1_95' title='bbox 826 800 984 842; x_wconf 81' lang='lat' dir='ltr'>faciendi.</span> <span class='ocrx_word' id='word_1_96' title='bbox 1031 810 1155 853; x_wconf 73' lang='lat' dir='ltr'>Itaque</span> <span class='ocrx_word' id='word_1_97' title='bbox 1178 808 1217 842; x_wconf 87' lang='lat' dir='ltr'>in</span> <span class='ocrx_word' id='word_1_98' title='bbox 1242 809 1312 843; x_wconf 85' lang='lat' dir='ltr'>hoc</span> <span class='ocrx_word' id='word_1_99' title='bbox 1338 808 1482 853; x_wconf 80' lang='lat' dir='ltr'>negotio</span> <span class='ocrx_word' id='word_1_100' title='bbox 1512 807 1603 843; x_wconf 67' lang='lat' dir='ltr'>cait&#39;e</span> <span class='ocrx_word' id='word_1_101' title='bbox 1626 809 1716 843; x_wconf 88' lang='lat' dir='ltr'>adeo</span> <span class='ocrx_word' id='word_1_102' title='bbox 1741 808 1829 842; x_wconf 89' lang='lat' dir='ltr'>inte·</span> 
     </span>
     <span class='ocr_line' id='line_1_12' title="bbox 360 856 1863 913; baseline -0.001 -12"><span class='ocrx_word' id='word_1_103' title='bbox 360 878 492 913; x_wconf 84' lang='lat' dir='ltr'>greque</span> <span class='ocrx_word' id='word_1_104' title='bbox 514 868 697 910; x_wconf 83' lang='lat' dir='ltr'>versabor,</span> <span class='ocrx_word' id='word_1_105' title='bbox 723 873 781 911; x_wconf 88' lang='lat' dir='ltr'>ut,</span> <span class='ocrx_word' id='word_1_106' title='bbox 806 879 897 913; x_wconf 87' lang='lat' dir='ltr'>quae</span> <span class='ocrx_word' id='word_1_107' title='bbox 918 867 1274 913; x_wconf 72' lang='lat' dir='ltr'>sunt-Klic&#39;pfelii,</span> <span class='ocrx_word' id='word_1_108' title='bbox 1302 868 1580 905; x_wconf 22' lang='lat' dir='ltr'>omniavsum&#39;ma</span> <span class='ocrx_word' id='word_1_109' title='bbox 1601 866 1826 903; x_wconf 72' lang='lat' dir='ltr'>adeun-atione</span> <span class='ocrx_word' id='word_1_110' title='bbox 1859 856 1863 861; x_wconf 36' lang='lat'><strong>⁴</strong></span> 
     </span>
     <span class='ocr_line' id='line_1_13' title="bbox 361 927 1826 974; baseline 0 -11"><span class='ocrx_word' id='word_1_111' title='bbox 361 933 395 963; x_wconf 86' lang='lat' dir='ltr'>et</span> <span class='ocrx_word' id='word_1_112' title='bbox 415 927 486 963; x_wconf 84' lang='lat' dir='ltr'>fide</span> <span class='ocrx_word' id='word_1_113' title='bbox 505 927 597 973; x_wconf 86' lang='lat' dir='ltr'>typis</span> <span class='ocrx_word' id='word_1_114' title='bbox 619 927 853 969; x_wconf 84' lang='lat' dir='ltr'>committam,</span> <span class='ocrx_word' id='word_1_115' title='bbox 875 939 921 962; x_wconf 89' lang='lat' dir='ltr'>ne</span> <span class='ocrx_word' id='word_1_116' title='bbox 942 927 1041 972; x_wconf 88' lang='lat' dir='ltr'>apice</span> <span class='ocrx_word' id='word_1_117' title='bbox 1065 927 1209 971; x_wconf 89' lang='lat' dir='ltr'>quidem</span> <span class='ocrx_word' id='word_1_118' title='bbox 1230 939 1305 961; x_wconf 87' lang='lat' dir='ltr'>uno</span> <span class='ocrx_word' id='word_1_119' title='bbox 1325 929 1385 963; x_wconf 79' lang='lat' dir='ltr'>vel</span> <span class='ocrx_word' id='word_1_120' title='bbox 1408 927 1578 969; x_wconf 83' lang='lat' dir='ltr'>detracto,</span> <span class='ocrx_word' id='word_1_121' title='bbox 1601 928 1668 969; x_wconf 62' lang='lat' dir='ltr'>vel⁴</span> <span class='ocrx_word' id='word_1_122' title='bbox 1680 927 1826 974; x_wconf 77' lang='lat' dir='ltr'>adjecta,</span> 
     </span>
     <span class='ocr_line' id='line_1_14' title="bbox 357 985 1825 1031; baseline 0.001 -11"><span class='ocrx_word' id='word_1_123' title='bbox 357 987 453 1020; x_wconf 77' lang='lat' dir='ltr'>nefas</span> <span class='ocrx_word' id='word_1_124' title='bbox 482 998 558 1022; x_wconf 91' lang='lat' dir='ltr'>esse</span> <span class='ocrx_word' id='word_1_125' title='bbox 591 992 686 1021; x_wconf 88' lang='lat' dir='ltr'>ratus</span> <span class='ocrx_word' id='word_1_126' title='bbox 700 1012 710 1030; x_wconf 96' lang='lat'>,</span> <span class='ocrx_word' id='word_1_127' title='bbox 745 986 895 1031; x_wconf 84' lang='lat' dir='ltr'>eleganti</span> <span class='ocrx_word' id='word_1_128' title='bbox 928 996 1105 1031; x_wconf 78' lang='lat' dir='ltr'>purpurae</span> <span class='ocrx_word' id='word_1_129' title='bbox 1141 985 1303 1020; x_wconf 78' lang='lat' dir='ltr'>laciniam</span> <span class='ocrx_word' id='word_1_130' title='bbox 1340 993 1506 1029; x_wconf 88' lang='lat' dir='ltr'>attexere,</span> <span class='ocrx_word' id='word_1_131' title='bbox 1540 992 1600 1020; x_wconf 87' lang='lat' dir='ltr'>aut</span> <span class='ocrx_word' id='word_1_132' title='bbox 1628 992 1825 1021; x_wconf 83' lang='lat' dir='ltr'>centonem.</span> 
     </span>
     <span class='ocr_line' id='line_1_15' title="bbox 356 1044 1822 1093; baseline -0.001 -10"><span class='ocrx_word' id='word_1_133' title='bbox 356 1046 429 1083; x_wconf 87' lang='lat' dir='ltr'>Vix</span> <span class='ocrx_word' id='word_1_134' title='bbox 452 1052 570 1082; x_wconf 84' lang='lat' dir='ltr'>tamen</span> <span class='ocrx_word' id='word_1_135' title='bbox 596 1053 699 1093; x_wconf 82' lang='lat' dir='ltr'>puto&#39;,</span> <span class='ocrx_word' id='word_1_136' title='bbox 726 1057 782 1081; x_wconf 90' lang='lat' dir='ltr'>me</span> <span class='ocrx_word' id='word_1_137' title='bbox 803 1048 907 1091; x_wconf 86' lang='lat' dir='ltr'>plane</span> <span class='ocrx_word' id='word_1_138' title='bbox 930 1044 1115 1090; x_wconf 66' lang='grc' dir='ltr'><strong><em>ωσυμβολιν</em></strong></span> <span class='ocrx_word' id='word_1_139' title='bbox 1142 1045 1372 1080; x_wconf 78' lang='lat' dir='ltr'>discessurum</span> <span class='ocrx_word' id='word_1_140' title='bbox 1397 1057 1494 1090; x_wconf 89' lang='lat' dir='ltr'>esse;</span> <span class='ocrx_word' id='word_1_141' title='bbox 1517 1046 1595 1089; x_wconf 89' lang='lat' dir='ltr'>sed,</span> <span class='ocrx_word' id='word_1_142' title='bbox 1614 1046 1682 1080; x_wconf 73' lang='lat' dir='ltr'>‘ubi</span> <span class='ocrx_word' id='word_1_143' title='bbox 1706 1046 1822 1082; x_wconf 82' lang='lat' dir='ltr'>visum</span> 
     </span>
     <span class='ocr_line' id='line_1_16' title="bbox 356 1105 1824 1151; baseline 0.003 -13"><span class='ocrx_word' id='word_1_144' title='bbox 356 1105 478 1147; x_wconf 86' lang='lat' dir='ltr'>suerit,</span> <span class='ocrx_word' id='word_1_145' title='bbox 504 1106 588 1148; x_wconf 64' lang='lat' dir='ltr'>hinc</span> <span class='ocrx_word' id='word_1_146' title='bbox 612 1106 709 1140; x_wconf 88' lang='lat' dir='ltr'>illinc</span> <span class='ocrx_word' id='word_1_147' title='bbox 733 1117 953 1151; x_wconf 87' lang='lat' dir='ltr'>aspersurum</span> <span class='ocrx_word' id='word_1_148' title='bbox 982 1106 1144 1148; x_wconf 88' lang='lat' dir='ltr'>notulas,</span> <span class='ocrx_word' id='word_1_149' title='bbox 1168 1116 1254 1150; x_wconf 90' lang='lat' dir='ltr'>quas</span> <span class='ocrx_word' id='word_1_150' title='bbox 1281 1105 1326 1139; x_wconf 85' lang='lat' dir='ltr'>ab</span> <span class='ocrx_word' id='word_1_151' title='bbox 1352 1105 1422 1147; x_wconf 83' lang='lat' dir='ltr'>his,</span> <span class='ocrx_word' id='word_1_152' title='bbox 1450 1117 1540 1151; x_wconf 81' lang='lat' dir='ltr'>quae</span> <span class='ocrx_word' id='word_1_153' title='bbox 1568 1118 1588 1139; x_wconf 86' lang='lat' dir='ltr'>a</span> <span class='ocrx_word' id='word_1_154' title='bbox 1616 1105 1721 1141; x_wconf 88' lang='lat' dir='ltr'>beato</span> <span class='ocrx_word' id='word_1_155' title='bbox 1746 1118 1824 1142; x_wconf 84' lang='lat' dir='ltr'>auc·</span> 
     </span>
     <span class='ocr_line' id='line_1_17' title="bbox 355 1165 1549 1212; baseline 0.001 -13"><span class='ocrx_word' id='word_1_156' title='bbox 355 1170 431 1201; x_wconf 89' lang='lat' dir='ltr'>tore</span> <span class='ocrx_word' id='word_1_157' title='bbox 457 1166 611 1212; x_wconf 85' lang='lat' dir='ltr'>profecta</span> <span class='ocrx_word' id='word_1_158' title='bbox 634 1171 733 1209; x_wconf 84' lang='lat' dir='ltr'>sunt,</span> <span class='ocrx_word' id='word_1_159' title='bbox 760 1165 918 1200; x_wconf 77' lang='lat' dir='ltr'>studiose</span> <span class='ocrx_word' id='word_1_160' title='bbox 943 1165 1153 1210; x_wconf 79' lang='lat' dir='ltr'>distinguam</span> <span class='ocrx_word' id='word_1_161' title='bbox 1167 1190 1177 1208; x_wconf 94' lang='lat'>‚</span> <span class='ocrx_word' id='word_1_162' title='bbox 1200 1165 1340 1212; x_wconf 84' lang='lat' dir='ltr'>adpicta</span> <span class='ocrx_word' id='word_1_163' title='bbox 1366 1165 1477 1201; x_wconf 84' lang='lat' dir='ltr'>littera</span> <span class='ocrx_word' id='word_1_164' title='bbox 1507 1166 1549 1200; x_wconf 89' lang='lat' dir='ltr'>R.</span> 
     </span>
    </p>

    <p class='ocr_par' dir='ltr' id='par_1_5' title="bbox 348 1225 1822 1634">
     <span class='ocr_line' id='line_1_18' title="bbox 451 1225 1822 1271; baseline 0.002 -11"><span class='ocrx_word' id='word_1_165' title='bbox 451 1226 551 1260; x_wconf 88' lang='lat' dir='ltr'>Haec</span> <span class='ocrx_word' id='word_1_166' title='bbox 576 1227 620 1260; x_wconf 88' lang='lat' dir='ltr'>de</span> <span class='ocrx_word' id='word_1_167' title='bbox 650 1225 907 1260; x_wconf 83' lang='lat' dir='ltr'>commentariis</span> <span class='ocrx_word' id='word_1_168' title='bbox 933 1226 1022 1259; x_wconf 86' lang='lat' dir='ltr'>dicta</span> <span class='ocrx_word' id='word_1_169' title='bbox 1056 1230 1178 1266; x_wconf 72' lang='lat' dir='ltr'>sunm,</span> <span class='ocrx_word' id='word_1_170' title='bbox 1215 1237 1306 1269; x_wconf 90' lang='lat' dir='ltr'>quae</span> <span class='ocrx_word' id='word_1_171' title='bbox 1343 1226 1749 1271; x_wconf 56' lang='lat' dir='ltr'>nobis&gt;-Klic&#39;pselius</span> <span class='ocrx_word' id='word_1_172' title='bbox 1782 1231 1822 1263; x_wconf 83' lang='lat' dir='ltr'>de</span> 
     </span>
     <span class='ocr_line' id='line_1_19' title="bbox 355 1274 1820 1330; baseline 0.003 -11"><span class='ocrx_word' id='word_1_173' title='bbox 355 1284 430 1319; x_wconf 80' lang='lat' dir='ltr'>vita</span> <span class='ocrx_word' id='word_1_174' title='bbox 463 1292 498 1319; x_wconf 85' lang='lat' dir='ltr'>et</span> <span class='ocrx_word' id='word_1_175' title='bbox 525 1285 672 1329; x_wconf 79' lang='lat' dir='ltr'>scriptis</span> <span class='ocrx_word' id='word_1_176' title='bbox 710 1285 909 1319; x_wconf 79' lang='lat' dir='ltr'>Cant-adi</span> <span class='ocrx_word' id='word_1_177' title='bbox 949 1284 1109 1327; x_wconf 81' lang='lat' dir='ltr'>Celtis,</span> <span class='ocrx_word' id='word_1_178' title='bbox 1140 1283 1290 1330; x_wconf 85' lang='lat' dir='ltr'>reliquit.</span> <span class='ocrx_word' id='word_1_179' title='bbox 1351 1274 1451 1329; x_wconf 83' lang='lat' dir='ltr'>Quid</span> <span class='ocrx_word' id='word_1_180' title='bbox 1481 1296 1567 1320; x_wconf 86' lang='lat' dir='ltr'>vero</span> <span class='ocrx_word' id='word_1_181' title='bbox 1597 1288 1820 1323; x_wconf 86' lang='lat' dir='ltr'>statuendum</span> 
     </span>
     <span class='ocr_line' id='line_1_20' title="bbox 354 1345 1818 1396; baseline 0 -16"><span class='ocrx_word' id='word_1_182' title='bbox 354 1346 420 1380; x_wconf 87' lang='lat' dir='ltr'>erit</span> <span class='ocrx_word' id='word_1_183' title='bbox 439 1358 520 1381; x_wconf 88' lang='lat' dir='ltr'>cum</span> <span class='ocrx_word' id='word_1_184' title='bbox 542 1346 585 1380; x_wconf 87' lang='lat' dir='ltr'>de</span> <span class='ocrx_word' id='word_1_185' title='bbox 607 1346 769 1391; x_wconf 86' lang='lat' dir='ltr'>quinque</span> <span class='ocrx_word' id='word_1_186' title='bbox 786 1345 884 1380; x_wconf 74' lang='lat' dir='ltr'>libris</span> <span class='ocrx_word' id='word_1_187' title='bbox 908 1345 1212 1394; x_wconf 81' lang='lat' dir='ltr'>epigrammatum</span> <span class='ocrx_word' id='word_1_188' title='bbox 1234 1345 1350 1380; x_wconf 74' lang='lat' dir='ltr'>adhuc</span> <span class='ocrx_word' id='word_1_189' title='bbox 1372 1345 1601 1389; x_wconf 78' lang='lat' dir='ltr'>ineditorum,</span> <span class='ocrx_word' id='word_1_190' title='bbox 1625 1349 1818 1396; x_wconf 72' lang='lat' dir='ltr'>ceterisque</span> 
     </span>
     <span class='ocr_line' id='line_1_21' title="bbox 354 1404 1819 1453; baseline 0.004 -13"><span class='ocrx_word' id='word_1_191' title='bbox 354 1417 444 1451; x_wconf 86' lang='lat' dir='ltr'>quae</span> <span class='ocrx_word' id='word_1_192' title='bbox 468 1406 507 1441; x_wconf 89' lang='lat' dir='ltr'>in</span> <span class='ocrx_word' id='word_1_193' title='bbox 538 1406 765 1451; x_wconf 83' lang='lat' dir='ltr'>appendicem</span> <span class='ocrx_word' id='word_1_194' title='bbox 792 1404 943 1453; x_wconf 88' lang='lat' dir='ltr'>conjecit</span> <span class='ocrx_word' id='word_1_195' title='bbox 976 1405 1124 1447; x_wconf 82' lang='lat' dir='ltr'>Noster,</span> <span class='ocrx_word' id='word_1_196' title='bbox 1166 1411 1240 1439; x_wconf 86' lang='lat' dir='ltr'>tum</span> <span class='ocrx_word' id='word_1_197' title='bbox 1268 1405 1312 1439; x_wconf 87' lang='lat' dir='ltr'>de</span> <span class='ocrx_word' id='word_1_198' title='bbox 1341 1404 1459 1439; x_wconf 84' lang='lat' dir='ltr'>codice</span> <span class='ocrx_word' id='word_1_199' title='bbox 1488 1405 1717 1444; x_wconf 82' lang='lat' dir='ltr'>ducentarum</span> <span class='ocrx_word' id='word_1_200' title='bbox 1745 1410 1819 1446; x_wconf 73' lang='lat' dir='ltr'>fere</span> 
     </span>
     <span class='ocr_line' id='line_1_22' title="bbox 354 1465 1820 1514; baseline 0.004 -16"><span class='ocrx_word' id='word_1_201' title='bbox 354 1465 588 1510; x_wconf 81' lang='lat' dir='ltr'>epistolarum</span> <span class='ocrx_word' id='word_1_202' title='bbox 604 1491 614 1507; x_wconf 96' lang='lat'>,</span> <span class='ocrx_word' id='word_1_203' title='bbox 655 1478 740 1511; x_wconf 84' lang='lat' dir='ltr'>quas</span> <span class='ocrx_word' id='word_1_204' title='bbox 779 1465 883 1501; x_wconf 87' lang='lat' dir='ltr'>amici</span> <span class='ocrx_word' id='word_1_205' title='bbox 925 1471 959 1500; x_wconf 92' lang='lat' dir='ltr'>et</span> <span class='ocrx_word' id='word_1_206' title='bbox 995 1466 1130 1500; x_wconf 86' lang='lat' dir='ltr'>sodales</span> <span class='ocrx_word' id='word_1_207' title='bbox 1168 1465 1212 1499; x_wconf 89' lang='lat' dir='ltr'>ad</span> <span class='ocrx_word' id='word_1_208' title='bbox 1256 1465 1333 1500; x_wconf 84' lang='lat' dir='ltr'>Cel</span> <span class='ocrx_word' id='word_1_209' title='bbox 1339 1471 1419 1499; x_wconf 84' lang='lat' dir='ltr'>tem</span> <span class='ocrx_word' id='word_1_210' title='bbox 1458 1466 1650 1510; x_wconf 82' lang='lat' dir='ltr'>dederunt,</span> <span class='ocrx_word' id='word_1_211' title='bbox 1689 1470 1820 1514; x_wconf 87' lang='lat' dir='ltr'>pariter</span> 
     </span>
     <span class='ocr_line' id='line_1_23' title="bbox 352 1524 1821 1575; baseline -0.001 -15"><span class='ocrx_word' id='word_1_212' title='bbox 352 1524 538 1561; x_wconf 62' lang='lat' dir='ltr'>mrcxs&#39;orm?</span> <span class='ocrx_word' id='word_1_213' title='bbox 561 1526 640 1571; x_wconf 86' lang='lat' dir='ltr'>Ego</span> <span class='ocrx_word' id='word_1_214' title='bbox 671 1527 815 1572; x_wconf 87' lang='lat' dir='ltr'>quidem</span> <span class='ocrx_word' id='word_1_215' title='bbox 840 1527 878 1561; x_wconf 88' lang='lat' dir='ltr'>in</span> <span class='ocrx_word' id='word_1_216' title='bbox 904 1527 1028 1572; x_wconf 80' lang='lat' dir='ltr'>optatis</span> <span class='ocrx_word' id='word_1_217' title='bbox 1053 1526 1188 1569; x_wconf 85' lang='lat' dir='ltr'>habeo,</span> <span class='ocrx_word' id='word_1_218' title='bbox 1214 1533 1248 1561; x_wconf 90' lang='lat' dir='ltr'>et</span> <span class='ocrx_word' id='word_1_219' title='bbox 1277 1526 1380 1560; x_wconf 84' lang='lat' dir='ltr'>valde</span> <span class='ocrx_word' id='word_1_220' title='bbox 1412 1531 1557 1572; x_wconf 83' lang='lat' dir='ltr'>expeto,</span> <span class='ocrx_word' id='word_1_221' title='bbox 1587 1532 1627 1561; x_wconf 90' lang='lat' dir='ltr'>ut</span> <span class='ocrx_word' id='word_1_222' title='bbox 1656 1533 1726 1563; x_wconf 89' lang='lat' dir='ltr'>tam</span> <span class='ocrx_word' id='word_1_223' title='bbox 1749 1531 1821 1575; x_wconf 82' lang='lat' dir='ltr'>epi.</span> 
     </span>
     <span class='ocr_line' id='line_1_24' title="bbox 348 1585 1818 1634; baseline 0.004 -14"><span class='ocrx_word' id='word_1_224' title='bbox 348 1593 576 1634; x_wconf 82' lang='lat' dir='ltr'>grammata,</span> <span class='ocrx_word' id='word_1_225' title='bbox 601 1599 706 1632; x_wconf 89' lang='lat' dir='ltr'>quam</span> <span class='ocrx_word' id='word_1_226' title='bbox 730 1586 916 1631; x_wconf 84' lang='lat' dir='ltr'>epistolae,</span> <span class='ocrx_word' id='word_1_227' title='bbox 940 1597 1073 1632; x_wconf 87' lang='lat' dir='ltr'>eaeque</span> <span class='ocrx_word' id='word_1_228' title='bbox 1099 1592 1172 1621; x_wconf 80' lang='lat' dir='ltr'>tum</span> <span class='ocrx_word' id='word_1_229' title='bbox 1203 1585 1348 1621; x_wconf 77' lang='lat' dir='ltr'>Celtis</span> <span class='ocrx_word' id='word_1_230' title='bbox 1373 1586 1418 1620; x_wconf 83' lang='lat' dir='ltr'>ad</span> <span class='ocrx_word' id='word_1_231' title='bbox 1444 1587 1530 1621; x_wconf 88' lang='lat' dir='ltr'>alios</span> <span class='ocrx_word' id='word_1_232' title='bbox 1554 1599 1704 1623; x_wconf 86' lang='lat' dir='ltr'>unacum</span> <span class='ocrx_word' id='word_1_233' title='bbox 1739 1591 1818 1626; x_wconf 90' lang='lat' dir='ltr'>reli-</span> 
     </span>
    </p>
   </div>
   <div class='ocr_carea' id='block_1_4' title="bbox 353 1645 1880 1699">
    <p class='ocr_par' dir='ltr' id='par_1_6' title="bbox 353 1645 1880 1699">
     <span class='ocr_line' id='line_1_25' title="bbox 353 1645 1880 1699; baseline 0.005 -20"><span class='ocrx_word' id='word_1_234' title='bbox 353 1646 450 1691; x_wconf 90' lang='lat' dir='ltr'>quis,</span> <span class='ocrx_word' id='word_1_235' title='bbox 475 1656 566 1691; x_wconf 84' lang='lat' dir='ltr'>quae</span> <span class='ocrx_word' id='word_1_236' title='bbox 584 1646 762 1690; x_wconf 81' lang='lat' dir='ltr'>appendix</span> <span class='ocrx_word' id='word_1_237' title='bbox 777 1645 1036 1690; x_wconf 80' lang='lat' dir='ltr'>complectitur,</span> <span class='ocrx_word' id='word_1_238' title='bbox 1055 1651 1129 1679; x_wconf 90' lang='lat' dir='ltr'>tum</span> <span class='ocrx_word' id='word_1_239' title='bbox 1153 1645 1301 1680; x_wconf 89' lang='lat' dir='ltr'>aliorum</span> <span class='ocrx_word' id='word_1_240' title='bbox 1318 1646 1362 1682; x_wconf 84' lang='lat' dir='ltr'>ad</span> <span class='ocrx_word' id='word_1_241' title='bbox 1386 1646 1463 1679; x_wconf 88' lang='lat' dir='ltr'>Cel</span> <span class='ocrx_word' id='word_1_242' title='bbox 1469 1653 1549 1680; x_wconf 82' lang='lat' dir='ltr'>tem</span> <span class='ocrx_word' id='word_1_243' title='bbox 1568 1647 1708 1692; x_wconf 81' lang='lat' dir='ltr'>missae,</span> <span class='ocrx_word' id='word_1_244' title='bbox 1732 1663 1817 1696; x_wconf 86' lang='lat' dir='ltr'>quas</span> <span class='ocrx_word' id='word_1_245' title='bbox 1873 1685 1880 1699; x_wconf 35' lang='lat'>⁸</span> 
     </span>
    </p>
   </div>
   <div class='ocr_carea' id='block_1_5' title="bbox 346 1704 1817 2057">
    <p class='ocr_par' dir='ltr' id='par_1_7' title="bbox 346 1704 1817 2057">
     <span class='ocr_line' id='line_1_26' title="bbox 350 1704 1814 1756; baseline 0.003 -15"><span class='ocrx_word' id='word_1_246' title='bbox 350 1705 462 1741; x_wconf 80' lang='lat' dir='ltr'>codex&#39;</span> <span class='ocrx_word' id='word_1_247' title='bbox 492 1718 512 1740; x_wconf 90' lang='lat' dir='ltr'>a</span> <span class='ocrx_word' id='word_1_248' title='bbox 543 1706 789 1752; x_wconf 77' lang='lat' dir='ltr'>Kliipfelio</span> <span class='ocrx_word' id='word_1_249' title='bbox 816 1706 939 1740; x_wconf 85' lang='lat' dir='ltr'>sedulo</span> <span class='ocrx_word' id='word_1_250' title='bbox 968 1704 1160 1751; x_wconf 87' lang='lat' dir='ltr'>descriptus</span> <span class='ocrx_word' id='word_1_251' title='bbox 1189 1705 1360 1749; x_wconf 86' lang='lat' dir='ltr'>continet,</span> <span class='ocrx_word' id='word_1_252' title='bbox 1387 1705 1530 1741; x_wconf 85' lang='lat' dir='ltr'>seorsim</span> <span class='ocrx_word' id='word_1_253' title='bbox 1557 1710 1814 1756; x_wconf 80' lang='lat' dir='ltr'>procudantur;</span> 
     </span>
     <span class='ocr_line' id='line_1_27' title="bbox 350 1765 1817 1816; baseline 0.004 -18"><span class='ocrx_word' id='word_1_254' title='bbox 350 1766 612 1816; x_wconf 78' lang='lat' dir='ltr'>epigrammata</span> <span class='ocrx_word' id='word_1_255' title='bbox 642 1766 868 1813; x_wconf 87' lang='lat' dir='ltr'>comprimis,</span> <span class='ocrx_word' id='word_1_256' title='bbox 901 1777 991 1812; x_wconf 89' lang='lat' dir='ltr'>quae</span> <span class='ocrx_word' id='word_1_257' title='bbox 1021 1765 1067 1800; x_wconf 87' lang='lat' dir='ltr'>ad</span> <span class='ocrx_word' id='word_1_258' title='bbox 1097 1773 1371 1815; x_wconf 60' lang='lat' dir='ltr'>programmata,</span> <span class='ocrx_word' id='word_1_259' title='bbox 1406 1773 1572 1813; x_wconf 87' lang='lat' dir='ltr'>tanquam</span> <span class='ocrx_word' id='word_1_260' title='bbox 1601 1769 1730 1803; x_wconf 85' lang='lat' dir='ltr'>horum</span> <span class='ocrx_word' id='word_1_261' title='bbox 1763 1782 1817 1807; x_wconf 89' lang='lat' dir='ltr'>ac-</span> 
     </span>
     <span class='ocr_line' id='line_1_28' title="bbox 349 1825 1816 1877; baseline 0.004 -17"><span class='ocrx_word' id='word_1_262' title='bbox 349 1826 543 1868; x_wconf 88' lang='lat' dir='ltr'>cessiones,</span> <span class='ocrx_word' id='word_1_263' title='bbox 576 1827 692 1861; x_wconf 86' lang='lat' dir='ltr'>minus</span> <span class='ocrx_word' id='word_1_264' title='bbox 718 1825 912 1862; x_wconf 84' lang='lat' dir='ltr'>convenire</span> <span class='ocrx_word' id='word_1_265' title='bbox 937 1826 1110 1862; x_wconf 84' lang='lat' dir='ltr'>videntur.</span> <span class='ocrx_word' id='word_1_266' title='bbox 1167 1827 1290 1871; x_wconf 79' lang='lat' dir='ltr'>Itaque</span> <span class='ocrx_word' id='word_1_267' title='bbox 1314 1827 1344 1861; x_wconf 80' lang='lat' dir='ltr'>si</span> <span class='ocrx_word' id='word_1_268' title='bbox 1374 1828 1451 1873; x_wconf 87' lang='lat' dir='ltr'>quis</span> <span class='ocrx_word' id='word_1_269' title='bbox 1480 1828 1675 1874; x_wconf 85' lang='lat' dir='ltr'>bibliopola</span> <span class='ocrx_word' id='word_1_270' title='bbox 1708 1834 1816 1877; x_wconf 78' lang='lat' dir='ltr'>putet,</span> 
     </span>
     <span class='ocr_line' id='line_1_29' title="bbox 349 1886 1814 1937; baseline 0.005 -18"><span class='ocrx_word' id='word_1_271' title='bbox 349 1886 541 1921; x_wconf 87' lang='lat' dir='ltr'>rationibus</span> <span class='ocrx_word' id='word_1_272' title='bbox 580 1887 653 1921; x_wconf 88' lang='lat' dir='ltr'>suis</span> <span class='ocrx_word' id='word_1_273' title='bbox 687 1897 898 1933; x_wconf 78' lang='lat' dir='ltr'>congruere,</span> <span class='ocrx_word' id='word_1_274' title='bbox 933 1892 973 1921; x_wconf 88' lang='lat' dir='ltr'>ut</span> <span class='ocrx_word' id='word_1_275' title='bbox 999 1887 1069 1922; x_wconf 85' lang='lat' dir='ltr'>&#39;aut</span> <span class='ocrx_word' id='word_1_276' title='bbox 1102 1886 1147 1925; x_wconf 82' lang='lat' dir='ltr'>ad</span> <span class='ocrx_word' id='word_1_277' title='bbox 1179 1886 1446 1932; x_wconf 76' lang='lat' dir='ltr'>epigrammata,</span> <span class='ocrx_word' id='word_1_278' title='bbox 1484 1893 1544 1922; x_wconf 89' lang='lat' dir='ltr'>aut</span> <span class='ocrx_word' id='word_1_279' title='bbox 1569 1888 1621 1937; x_wconf 53' lang='grc' dir='ltr'>ἱαιί</span> <span class='ocrx_word' id='word_1_280' title='bbox 1652 1890 1814 1937; x_wconf 77' lang='lat' dir='ltr'>epistolas</span> 
     </span>
     <span class='ocr_line' id='line_1_30' title="bbox 351 1946 1814 1996; baseline 0.005 -17"><span class='ocrx_word' id='word_1_281' title='bbox 351 1946 498 1981; x_wconf 76' lang='lat' dir='ltr'>Celtis</span> <span class='ocrx_word' id='word_1_282' title='bbox 524 1954 559 1983; x_wconf 89' lang='lat' dir='ltr'>et</span> <span class='ocrx_word' id='word_1_283' title='bbox 588 1949 633 1982; x_wconf 90' lang='lat' dir='ltr'>ad</span> <span class='ocrx_word' id='word_1_284' title='bbox 665 1948 849 1993; x_wconf 81' lang='lat' dir='ltr'>Celtem,</span> <span class='ocrx_word' id='word_1_285' title='bbox 880 1955 941 1984; x_wconf 87' lang='lat' dir='ltr'>aut</span> <span class='ocrx_word' id='word_1_286' title='bbox 967 1949 1012 1984; x_wconf 87' lang='lat' dir='ltr'>ad</span> <span class='ocrx_word' id='word_1_287' title='bbox 1043 1950 1104 1984; x_wconf 86' lang='lat' dir='ltr'>has</span> <span class='ocrx_word' id='word_1_288' title='bbox 1137 1959 1250 1994; x_wconf 86' lang='lat' dir='ltr'>aeque</span> <span class='ocrx_word' id='word_1_289' title='bbox 1288 1962 1328 1985; x_wconf 90' lang='lat' dir='ltr'>ac</span> <span class='ocrx_word' id='word_1_290' title='bbox 1360 1950 1421 1984; x_wconf 85' lang='lat' dir='ltr'>illa</span> <span class='ocrx_word' id='word_1_291' title='bbox 1456 1948 1547 1996; x_wconf 85' lang='lat' dir='ltr'>typis</span> <span class='ocrx_word' id='word_1_292' title='bbox 1587 1948 1814 1987; x_wconf 76' lang='lat' dir='ltr'>exscribenda</span> 
     </span>
     <span class='ocr_line' id='line_1_31' title="bbox 346 2009 1810 2057; baseline 0.006 -18"><span class='ocrx_word' id='word_1_293' title='bbox 346 2012 478 2040; x_wconf 76' lang='lat' dir='ltr'>sumtus</span> <span class='ocrx_word' id='word_1_294' title='bbox 505 2014 721 2053; x_wconf 84' lang='lat' dir='ltr'>conatusque</span> <span class='ocrx_word' id='word_1_295' title='bbox 746 2020 829 2043; x_wconf 83' lang='lat' dir='ltr'>suos</span> <span class='ocrx_word' id='word_1_296' title='bbox 857 2009 1053 2056; x_wconf 85' lang='lat' dir='ltr'>impendat,</span> <span class='ocrx_word' id='word_1_297' title='bbox 1078 2009 1233 2046; x_wconf 81' lang='lat' dir='ltr'>conserat</span> <span class='ocrx_word' id='word_1_298' title='bbox 1253 2021 1393 2046; x_wconf 89' lang='lat' dir='ltr'>mecum</span> <span class='ocrx_word' id='word_1_299' title='bbox 1412 2020 1478 2057; x_wconf 85' lang='lat' dir='ltr'>per</span> <span class='ocrx_word' id='word_1_300' title='bbox 1497 2009 1624 2046; x_wconf 84' lang='lat' dir='ltr'>litteras</span> <span class='ocrx_word' id='word_1_301' title='bbox 1646 2011 1790 2048; x_wconf 80' lang='lat' dir='ltr'>consilia</span> <span class='ocrx_word' id='word_1_302' title='bbox 1798 2026 1810 2056; x_wconf 77' lang='lat'>3</span> 
     </span>
    </p>
   </div>
  </div>
 </body>
</html>
