1995 2496
299 174 343 198 10

399 235 511 268 Natus
542 241 591 268 est
620 232 895 278 Kliipfelius
924 231 1040 261 noster
1074 238 1168 261 anno
1201 228 1512 262 MDCCXXXIII.
1542 227 1599 262 die
1630 227 1765 263 XVui.

295 294 455 329 Januarii
490 294 695 339 PVipfildae
721 290 812 336 apud
845 287 1095 330 Ostofrancos,
1128 298 1221 334 pago
1251 289 1297 322 ad
1328 288 1493 323 dextrum
1516 289 1642 325 Moeni
1663 290 1767 333 littus,

302 355 586 403 Wrceburgum
610 354 696 387 inter
718 357 750 385 et
772 349 1080 393 Schwinfurlum,
1104 358 1254 382 amoeno
1278 349 1360 382 loco
1384 361 1403 382 a
1427 349 1539 384 vineis
1568 356 1602 384 et
1625 351 1789 388 circuitu,

289 413 487 460 jacentibus
511 414 627 459 sylvis,
663 412 761 451 claro
785 411 878 445 statis
909 422 974 456 per
1013 422 1146 444 annum
1179 408 1372 450 nundinis;
1408 409 1471 443 sed
1505 410 1615 454 magis
1644 410 1770 446 illustri

299 475 391 510 Con
404 473 506 507 radi
530 471 694 514 Celtis,
725 471 790 517 qui
814 471 965 518 primam
991 471 1042 506 ibi
1063 473 1181 510 lucem
1205 471 1359 517 aspexit,
1389 470 1623 505 incunabulis.
1679 472 1769 506 Cum

300 536 400 570 sacris
437 533 539 566 undis
577 533 802 574 ablueretur,
836 533 1043 578 impositum
1077 533 1110 567 ei
1143 533 1211 567 fuit
1236 531 1399 569 {Ioannis
1431 532 1595 565 Andreae
1626 541 1770 565 nomen.

291 594 453 627 Parentes
485 592 609 626 habuit
643 593 793 628 honesto
825 604 953 639 genere
992 599 1106 635 ortos,
1142 593 1273 639 probos
1308 598 1343 628 et
1375 592 1616 637 integerrimae
1649 591 1769 634 famae,

292 655 506 688 Michaelem
539 654 709 699 Kliipfil,
745 660 779 689 et
808 655 1031 687 Dorotheum
1064 653 1285 698 Pfi·iemiam.
1344 655 1444 687 Pater
1481 652 1544 687 etsi
1578 652 1770 686 litterarum

287 714 411 748 studiis
443 725 481 748 se
511 715 611 747 haud
644 714 798 748 dederit:
829 714 1065 759 calligraphus
1096 720 1212 748 tamen
1244 719 1336 756 erat,
1372 719 1407 748 et
1431 713 1667 749 arithmeticae
1691 712 1769 747 artis

288 775 482 811 admodum
508 776 665 822 peritus;
706 776 850 820 egitque
878 775 1094 820 aliquamdiu
1131 774 1264 809 scribae
1298 774 1648 808 munus-Arnstenii
1676 774 1772 819 apud

290 835 495 868 cellarium.
563 837 616 869 Ita
650 837 746 879 apud
781 836 931 872 Francos
966 835 1131 880 praefecti
1167 836 1405 881 appellantur,
1441 834 1504 880 qui
1536 834 1609 869 ruri
1638 832 1772 881 judicia

288 901 476 937 exercent,
510 895 588 930 lites
623 895 793 931 dirimunt
827 895 1069 937 subditorum,
1103 901 1137 930 et
1160 896 1346 930 commoda
1371 900 1492 930 curant
1515 895 1569 929 sui
1594 895 1773 940 Principis.

291 956 418 990 Redux
434 956 471 990 in
488 955 652 1001 patriam,
677 956 852 990 senatorio
873 956 989 990 ordini
1013 955 1224 1001 adscriptus,
1247 957 1354 1001 paulo
1379 961 1457 1000 post
1480 961 1600 989 auctus
1625 960 1676 988 est
1698 966 1773 988 mu-

290 1027 376 1050 nere
404 1015 588 1058 telonarii,
625 1016 831 1051 constitutus
857 1029 876 1050 a
903 1016 1066 1062 Principe
1076 1029 1086 1059 ;
1109 1016 1217 1061 ‚quod
1247 1016 1394 1062 quidem
1428 1028 1488 1059 ea,
1525 1030 1594 1061 qua
1626 1029 1689 1062 par
1711 1022 1772 1058 est,

287 1075 360 1111 fide
386 1077 473 1111 obiit
498 1080 576 1122 plus
603 1089 717 1111 annos
743 1077 894 1120 triginta.
941 1078 988 1110 At
1003 1081 1128 1121 'neque
1153 1087 1197 1110 ex
1221 1076 1390 1121 senatoris
1405 1100 1414 1117 ,
1437 1087 1555 1121 neque
1578 1087 1621 1110 ex
1644 1077 1774 1111 telona-

289 1137 331 1170 rii
357 1147 503 1171 munere
529 1142 665 1172 tantum
691 1136 813 1177 rediit,
838 1142 1010 1181 quantum
1034 1136 1115 1169 satis
1140 1141 1229 1170 esset
1246 1126 1455 1171 numerosae
1466 1136 1640 1179 «familiae,
1665 1150 1771 1182 quam

291 1197 433 1239 habuit,
458 1197 715 1232 sustentandae.
762 1196 816 1229 Ex
837 1196 1024 1229 vinearum
1048 1196 1166 1240 itaque
1191 1198 1324 1230 cultura
1349 1197 1571 1241 potissimum
1595 1209 1773 1242 compara—

293 1258 364 1298 vit,
402 1268 473 1301 quo
498 1257 572 1302 ipse
596 1257 724 1301 suique
749 1258 933 1290 alerentur.
994 1255 1048 1288 Ex
1072 1254 1153 1289 filiis
1177 1266 1237 1289 sex
1260 1255 1347 1303 alios
1371 1256 1447 1289 aliis
1473 1256 1659 1301 destinavit
1681 1256 1773 1291 vitae

290 1316 462 1350 institutis
524 1317 726 1361 Josephum
761 1322 795 1350 et
825 1315 1026 1357 Andream,
1062 1316 1158 1350 hunc
1188 1326 1233 1349 ex
1262 1314 1425 1350 fratribus
1458 1322 1543 1350 natu
1575 1316 1773 1358 minimum,

232 1393 236 1396 -
290 1376 475 1422 deputavit
506 1377 630 1410 studiis
667 1377 873 1410 litterarum.
936 1375 1140 1420 Septennis‚
1176 1376 1345 1419 quoniam
1380 1376 1418 1417 in
1449 1379 1528 1411 loco
1558 1377 1664 1421 natali
1698 1389 1773 1411 non

293 1443 367 1471 erat
388 1436 632 1479 ludimagister
658 1436 803 1469 Latinae
827 1435 969 1479 linguae
996 1447 1145 1479 gnaruS,
1169 1435 1396 1482 Herbipolim
1421 1436 1585 1479 mittitur,
1608 1436 1773 1482 fratrique

292 1502 376 1530 natu
401 1494 543 1543 majori,
568 1495 750 1541 Josepho,
777 1501 851 1530 tum
878 1495 1069 1530 rhetorices
1094 1495 1230 1530 ibidem
1253 1497 1428 1540 studioso,
1453 1503 1488 1532 et
1510 1497 1646 1542 ingenii
1670 1507 1774 1543 atque

294 1557 469 1592 doctrinae
502 1558 609 1592 laude
632 1570 713 1592 cum
737 1556 858 1604 primis
885 1555 1047 1598 certanti,
1081 1556 1119 1591 in
1154 1556 1374 1603 disciplinam
1404 1558 1566 1602 traditur,
1603 1559 1666 1604 qui
1690 1569 1773 1592 eum

299 1618 421 1663 primis
445 1618 638 1653 litterarum
664 1617 844 1653 elementis
879 1617 1015 1652 imbuit.
1078 1617 1136 1651 Ab
1166 1618 1229 1652 illo
1263 1624 1421 1666 tempore
1453 1620 1614 1662 fratrem,
1650 1625 1772 1665 utpote

296 1679 359 1724 qui
388 1679 576 1724 pueritiam
602 1677 924 1725 ejus'sormaverat‚
952 1677 1108 1724 parentis
1130 1674 1211 1713 loco
1234 1690 1373 1725 semper
1395 1680 1577 1720 habuit.*)
1638 1681 1773 1714 Decem

293 1751 470 1773 annorum
496 1751 586 1785 puer
610 1739 730 1774 litteris
754 1739 1022 1773 humanioribus
1047 1738 1084 1772 in
1108 1740 1290 1785 gymnasio
1323 1740 1597 1786 Herbipolitano
1630 1750 1772 1785 operam

296 1799 375 1834 dare
393 1799 521 1846 coepit.
570 1799 688 1835 Finito
705 1800 880 1836 curriculo
898 1799 1122 1841 scholastico,
1138 1812 1218 1834 cum
1236 1799 1409 1844 egregiam
1428 1786 1615 1844 quotannis
1630 1800 1772 1834 laudem

296 1866 520 1905 reportasset,
555 1862 601 1894 ad
624 1861 886 1908 philosophiam
909 1861 1069 1909 adjunxit
1091 1856 1248 1896 animum
1255 1877 1281 1903 ,χ
1298 1860 1396 1908 cujus
1420 1868 1548 1896 metam
1573 1875 1652 1897 cum
1679 1859 1767 1897 intra

330 1990 361 2026 2)
381 1989 456 2025 Ejus
477 1992 573 2023 vitam
593 1994 764 2033 descripsit
782 1992 1036 2035 Klic’pselius
1058 1993 1094 2022 in
1127 1991 1330 2034 Necrologio
1351 2003 1424 2034 pag.
1444 2001 1510 2027 220.
1525 2003 1601 2032 sqq.
