1995 2496
125 349 215 385 „qua
228 335 426 391 simultatis,
438 335 456 351 ’'
472 347 549 372 eam
570 340 687 374 noster
699 336 900 374 ‘observavit
912 337 961 373 aff
972 328 1155 382 amussim,
1179 337 1218 373 in
1234 335 1338 373 rebus
1356 334 1589 384 dijudicandis

125 403 254 441 acutus,
270 394 308 432 sn
324 398 521 433 enarrandis
537 397 737 443 sineeruset
750 399 893 445 integer,
906 399 944 439 in
959 400 1179 446 exponendis
1192 400 1333 444 elegans
1347 410 1387 433 ac
1402 396 1589 432 dilucidus.

115 458 240 493 ‘Nemo
262 459 366 501 dicat,
392 470 450 494 me
474 459 626 494 nimium-
645 459 789 494 laudare
808 462 963 503 venales,
981 466 1068 506 quas
1086 455 1198 496 veliin
1216 459 1418 500 extrudere,
1443 466 1586 493 meree·-

125 519 368 565 Praeterquam
379 519 493 562 enim,
507 519 604 565 quod
620 520 803 555 extrudere
814 520 941 563 nolim,
957 526 1027 555 tam
1042 526 1173 555 certum
1188 525 1240 555 est
1251 519 1359 570 ⁸¹3th
1372 528 1478 564 quam
1488 512 1587 563 quod

124 579 366 622 certissimum,
381 593 401 615 a
418 581 514 616 bono
531 587 566 616 et
582 580 796 625 intelligente
812 582 971 626 quolibet
988 580 1157 627 iudicium
1178 588 1295 615 meum
1304 579 1508 626 ¹--1irobatum
1533 578 1585 613 iri.

143 663 146 667 -
210 641 320 685 ‘Quae
344 636 426 675 cum
449 642 497 676 ita
518 643 601 686 sint,
633 635 711 689 ouis
734 654 808 677 non
834 641 992 684 miretur,
1025 647 1062 676 et
1083 642 1315 676 stomachetur
1338 641 1448 683 adeo,
1483 639 1585 680 illud,

123 700 169 736 de
191 711 260 746 qua
284 700 413 747 Kliip
419 703 585 748 felium
612 704 685 753 jam
714 710 793 738 ante
823 715 934 738 annos
965 702 1061 739 xtv.
1093 708 1323 746 conquestum
1356 710 1451 743 esse,
1479 711 1584 745 supra

124 759 294 803 diximus,
328 762 453 798 iterum
476 776 517 800 ac
540 764 735 811 saepius‘ei
757 764 940 807 accidisse,
977 769 1016 798 ut
1038 763 1162 798 frustm
1187 762 1329 809 pulsatis
1351 757 1586 809 typographo>-

123 832 201 854 rum
226 827 261 855 et
284 821 555 870 bibliopolarum
579 824 713 859 foribus
736 836 845 860 nemo
867 824 1091 870 reperiretur,
1126 824 1188 869 qui
1221 835 1310 869 opus
1339 819 1584 868 praestantissi-

123 890 220 915 mum
244 882 315 917 suis
339 885 510 919 excudere
529 885 703 920 sumtibus
726 884 903 921 voluisset.
958 883 1089 932 Ajunt‚
1120 884 1188 919 sibi
1210 884 1290 919 satis
1315 890 1410 924 esse,
1434 881 1485 920 εἷς·
1505 879 1584 922 βιβ

122 947 292 976 Morantur
307 955 377 979 ero:
390 956 492 985 emar,
507 945 638 977 Maca
648 945 713 976 lat
726 957 807 977 ura
817 957 854 985 e;
871 945 951 978 satis
968 947 1179 986 chartarum,
1198 954 1305 988 quae,
1318 943 1454 978 inutilia
1472 949 1585 977 terrae

123 1001 290 1047 pondera,
307 1000 399 1041 foras
414 1006 571 1048 spectent
586 1001 756 1037 in-vicum
773 1002 985 1038 vendentem
1003 1008 1059 1037 tus
1076 1009 1111 1037 et
1127 994 1270 1044 odores}
1294 1002 1389 1035 albas
1407 1004 1537 1037 chartas
1550 1011 1587 1035 se
1640 1034 1645 1038 .

123 1064 228 1098 malle
234 1074 377 1098 servare
391 1069 426 1098 et
445 1064 608 1109 virgines,
625 1076 730 1109 quam
742 1064 857 1098 latinis
868 1064 1088 1099 sermonibus
1101 1063 1333 1109 comprimere
1345 1062 1585 1108 etinquinare.

121 1123 212 1166 „Fac
228 1113 332 1166 mibi,
349 1124 531 1170 inquiunt,
550 1124 672 1169 lingua
683 1125 868 1160 vernacula
882 1124 1011 1158 librum
1027 1123 1197 1158 eroticum
1207 1148 1218 1165 ‚
1232 1124 1288 1158 sae
1303 1123 1391 1157 mihi
1407 1122 1585 1157 historiam

121 1183 346 1226 „fabulosam
361 1184 456 1220 fictas
470 1184 693 1226 narrationes,
705 1186 856 1231 pagellas
869 1184 1062 1236 matutinas,
1077 1185 1236 1219 novellas
1251 1185 1437 1227 elegantes,
1450 1183 1587 1217 miscel-

124 1246 276 1288 „laneas,
307 1245 462 1287 festivas,
492 1245 645 1291 lepidas,
675 1250 714 1280 ut
735 1246 823 1280 nihil
845 1257 960 1291 supra.
1018 1244 1117 1279 Haec
1140 1244 1233 1278 enim
1257 1244 1409 1278 arrident
1431 1243 1515 1278 viris
1537 1244 1583 1277 se-

123 1304 337 1348 „minisque,
375 1305 462 1338 haec
494 1304 635 1338 senibus
662 1303 925 1349 juvenibusque
961 1305 1105 1339 salivam
1141 1310 1306 1346 movent,
1349 1310 1390 1337 ut
1429 1303 1585 1338 certatim

124 1369 277 1405 ,‚emant,
301 1364 434 1407 legant,
459 1363 646 1406 devorent,
678 1370 711 1398 et
735 1365 839 1398 horas·
862 1364 1007 1409 diesque
1021 1366 1221 1410 -perdant
1243 1363 1459 1397 otiosissimis
1485 1375 1588 1397 occu-

122 1423 351 1468 ,‚pati0nibus.
400 1423 531 1458 Contra
554 1433 786 1469 quaecunque
809 1424 935 1458 Latino
960 1425 1041 1458 stilo
1065 1424 1265 1468 consignata
1284 1429 1380 1465 sunt,
1404 1423 1494 1457 adeo
1510 1435 1585 1457 non

124 1488 226 1525 „sunt
248 1482 382 1528 publici
405 1474 550 1528 saptiris‚
582 1489 621 1516 ut
645 1485 811 1527 meglecta
831 1482 967 1529 jaceant
990 1489 1024 1518 et
1052 1490 1236 1518 contemta.
1299 1485 1351 1517 lta
1383 1496 1477 1519 nunc
1510 1494 1586 1518 mos

124 1542 259 1587 „viget,
282 1530 400 1588 neque
423 1555 488 1577 nos
511 1542 555 1577 in'
572 1545 674 1589 eulpa
698 1556 841 1585 sumus;
877 1545 941 1579 sed
965 1544 1034 1578 h‘oc
1056 1543 1202 1585 vitium,
1236 1544 1265 1577 si
1287 1544 1412 1578 vitium
1436 1550 1505 1587 est,
1540 1556 1590 1578 ra·

124 1604 234 1646 „tioni
261 1609 479 1648 temporum,
501 1615 591 1648 quae
611 1599 781 1644 vi'vimus,
799 1609 851 1637 est
874 1604 1119 1644 tribuendum,
1144 1615 1219 1636 non
1236 1604 1349 1637 nobis.
1398 1604 1472 1637 Nos
1492 1604 1587 1638 enim

125 1667 373 1705 „mercaturam
399 1673 617 1703 exercemus,
649 1668 682 1703 et
713 1654 801 1707 opus
832 1663 1001 1704 habemus
1031 1663 1205 1708 praesenti
1234 1663 1382 1708 pecunia
1412 1664 1588 1698 manibus-

113 1733 218 1767 ·„que
251 1721 411 1763 oculatis,
445 1732 534 1766 quae
564 1733 638 1755 non
668 1721 832 1762 credunt,
869 1722 937 1755 nisi
960 1724 1059 1766 quod
1082 1723 1276 1766 vident,¹t)
1311 1729 1352 1757 ut
1377 1735 1483 1758 nemo
1507 1722 1588 1769 jure

128 1782 250 1825 „nobis
279 1782 459 1822 irascatur,
491 1781 521 1815 si
552 1792 683 1815 merces
712 1781 909 1826 appetimus
943 1782 1158 1825 vendibiles,
1188 1790 1222 1818 et
1251 1790 1417 1829 tanquam
1448 1790 1587 1825 stercus,

129 1848 210 1884 „aut
233 1842 262 1875 si
286 1842 372 1887 quid
399 1853 441 1876 eo
471 1840 595 1883 vilius,
627 1842 850 1888 repudiamus
873 1840 982 1876 libros
1010 1854 1149 1886 omnes,
1173 1844 1235 1889 qui
1260 1850 1410 1878 emtores
1438 1852 1513 1878 no'n
1538 1843 1589 1879 in-

128 1902 322 1952 „veniunt”

168 2015 363 2067 detaut.
384 2031 482 2061 Asin.
506 2042 531 2061 ι.
552 2035 579 2061 3.
601 2033 649 2061 50.
701 2016 854 2072 „Semper
873 2033 1019 2063 oculatae
1039 2031 1163 2063 nostrae
1182 2037 1258 2065 suut
1277 2041 1415 2072 nanus3
1444 2035 1590 2071 eredunt,

207 2085 321 2122 „quod
342 2085 481 2116 vident.”
1238 2085 1241 2088 “
1351 2095 1353 2097 ’
