1995 2496
285 207 329 247 16

280 294 402 329 agere,
426 287 461 317 et
485 282 610 316 docere
637 290 698 322 ea,
731 288 820 324 quae
844 286 918 309 non
942 274 1011 307 nisi
1032 273 1073 306 ‘in
1097 283 1196 317 spem
1220 272 1412 307 oblivionis
1437 273 1680 310 addiscuntur:
1712 273 1748 306 in

284 343 461 387 theologia
485 341 657 383 maxime,
682 350 770 385 quae
794 342 829 372 et
852 338 913 370 sua
936 333 1047 380 ipsius
1071 332 1303 380 amplitudine
1327 336 1523 378 rerumquev
1537 332 1749 379 gravissima·

284 416 362 438 rum
387 403 601 437 abundantia
624 402 671 434 ita
696 398 855 441 excellit,
885 397 929 430 ita
953 396 1099 430 aliarum
1123 395 1363 436 scientiarum,
1395 394 1597 438 comprimis
1621 396 1752 439 lingua-

283 477 365 499 rum
391 470 426 498 et
448 462 608 497 historiae
631 458 889 495 ecclesiasticae
906 462 1011 501 atque
1033 455 1218 489 litterariae
1244 455 1367 489 notitia
1391 455 1596 496 sustinetur,
1619 462 1753 489 ut-om-

285 524 408 565 nibus,
445 521 507 567 qui
529 522 567 556 in
591 520 653 555 illa
677 520 895 565 aliquantum
919 516 1090 563 proficere
1113 515 1245 564 velint,
1276 521 1350 548 toto
1374 520 1516 561 pectore
1539 515 1576 548 in
1592 524 1677 559 »eam
1702 518 1753 550 in·

284 583 523 620 cumbendum
549 582 611 625 sit,
644 593 710 617 nec
733 582 851 623 vacet,
878 578 924 613 ad
952 574 1392 624 cerebrosa'sophistarum
1417 581 1615 611 commenta
1646 582 1681 610 et
1703 577 1756 611 fu-

281 645 362 680 tiles
384 643 533 690 ineptias
560 643 790 684 descendere,
820 641 934 686 iisque
960 645 1020 674 aut
1044 638 1305 685 oppugnandis,
1338 643 1397 672 aut
1421 637 1649 673 defendendis
1672 643 1756 673 tem-

284 718 351 751 pus
377 703 655 749 industriamque
676 704 829 748 perdere.
876 702 945 736 Sed
967 713 1111 735 manum
1136 700 1180 735 de
1205 700 1338 742 tabula,
1363 710 1409 734 ne
1434 700 1511 745 quis
1533 699 1620 734 mihi
1636 700 1753 735 denuo

286 765 494 811 exprobret,
518 764 618 808 quod
640 774 743 809 saepe
768 761 943 808 objectum
968 767 1035 803 est,
1060 762 1103 795 de
1126 761 1228 815 rebus
1247 759 1453 804 theologicis
1470 764 1503 793 et
1519 759 1754 795 ecclesiasticis

287 825 374 860 olim
399 824 601 860 disserenti:
632 826 707 867 me,
742 823 922 858 hominem
947 821 1155 869 profanum,
1188 821 1311 856 falcem
1336 820 1522 856 immittere
1545 820 1582 855 in
1606 821 1755 857 alienam

286 897 444 919 messem.
459 885 494 924 ”)

383 946 502 991 Quam
527 956 610 980 vera
636 950 672 978 et
694 942 810 988 gravia
835 943 919 977 haec
943 942 1028 985 sint,
1065 955 1180 977 nemo>
1196 943 1319 978 melius
1344 943 1521 988 cognitum
1547 949 1581 978 et
1605 945 1760 990 explora-

287 1013 363 1042 tum
387 1005 540 1041 habebat
563 1005 623 1038 Kl
630 1006 759 1050 iipsel
766 1006 809 1038 io
833 1011 961 1039 nostro.
1023 1004 1156 1038 Verum
1190 1005 1374 1050 oportebat
1397 1016 1478 1038 eum
1505 1004 1605 1038 initio
1628 1004 1757 1038 servire

284 1069 460 1114 tempori,
495 1073 528 1101 et
558 1067 743 1100 sententias
775 1077 958 1111 opponere
991 1064 1193 1106 sententiis,
1224 1077 1374 1111 suasque
1404 1077 1468 1110 pro
1500 1065 1634 1099 viribus
1657 1065 1760 1107 tueri,

284 1140 330 1163 ne
363 1133 424 1161 aut
454 1126 636 1172 imperitus
670 1137 866 1172 parumque
899 1125 1046 1159 idoneus
1079 1125 1248 1159 obeundo
1273 1125 1483 1170 professoria
1508 1126 1663 1169 muneri,
1700 1134 1760 1161 aut

286 1201 406 1223 excors
430 1187 620 1222 videretur.
667 1186 813 1220 Accedit
836 1187 921 1227 huc,
947 1186 1045 1229 quod
1069 1185 1103 1219 ei
1123 1183 1196 1230 jam
1219 1197 1295 1218 non
1317 1191 1407 1219 esset
1424 1187 1615 1230 integrum,
1636 1193 1759 1229 tacere,

287 1252 477 1293 postquam
517 1244 734 1280 adversarius
772 1245 979 1290 opinionem
1013 1255 1110 1277 mere
1144 1245 1385 1278 scholasticam
1418 1249 1583 1289 tanquam
1608 1257 1760 1280 mercem

284 1306 442 1353 putidam
478 1305 678 1346 traducere,
712 1317 751 1338 ac
780 1316 920 1340 veneno
950 1304 1147 1339 haereticae
1182 1305 1359 1351 pravitatis
1395 1305 1558 1340 infectam
1592 1305 1759 1340 infamare

284 1379 358 1402 non
380 1365 532 1401 erubuit.
578 1365 712 1410 Utique
737 1366 781 1399 ab
807 1377 850 1399 eo
874 1372 1033 1410 tempore
1057 1372 1250 1411 coeperunt
1266 1366 1417 1399 Jesuitae
1434 1366 1549 1400 vereri
1564 1366 1758 1409 hominem,

285 1439 429 1460 suorum
467 1430 592 1469 utpote
629 1425 830 1459 doctissimo
870 1426 1000 1469 cuique
1038 1437 1171 1470 parem.
1237 1424 1388 1458 Tantum
1424 1438 1510 1460 vero
1545 1427 1685 1469 aberat,
1721 1436 1762 1463 ut

284 1484 560 1529 Kliipfelius
582 1485 735 1518 secunda
766 1485 904 1518 fortuna
936 1486 1177 1525 insolesceret,
1211 1490 1250 1517 ut
1279 1485 1395 1529 potius
1430 1486 1667 1528 occasionem,
1701 1489 1759 1521 ad-

285 1545 456 1581 versarios
480 1556 562 1578 suos
587 1544 823 1590 provocandi,
849 1545 1029 1590 defugeret
1053 1545 1219 1589 sollicite,
1243 1557 1437 1592 pacemque
1462 1553 1495 1582 et
1521 1548 1756 1592 concordiam,

283 1612 452 1649 quantum
476 1611 631 1650 poterat,
656 1612 815 1640 servaret.
1442 1613 1445 1614 ’

379 1666 447 1700 Sed
468 1664 540 1713 jam
567 1665 811 1700 adventaverat
839 1666 911 1701 dies
936 1666 1068 1709 fatalis,
1103 1678 1193 1713 quae
1216 1668 1380 1703 universo
1404 1669 1613 1706 Jesuitarum
1639 1671 1755 1706 ordini

286 1739 360 1762 uno
384 1728 483 1772 quasi
507 1727 577 1761 ictu
601 1725 708 1760 finem
735 1727 949 1773 exitiumque
973 1728 1115 1763 afferret.
1178 1730 1259 1776 Qua
1291 1731 1433 1775 quidem
1464 1733 1644 1777 repentina
1677 1743 1757 1766 con-

317 1872 349 1909 *)
368 1872 559 1902 Nesciehant
572 1872 707 1910 scilicet,
728 1884 780 1902 me
795 1883 861 1903 non
873 1876 979 1904 solum
998 1873 1305 1914 Philosophiae
1321 1876 1539 1917 stlagiserum,
1559 1877 1752 1910 Jarium-

356 1935 433 1961 que
453 1927 656 1965 Doctum-m,
675 1928 732 1956 sed
752 1927 869 1965 etiam,
890 1931 979 1966 quod
1002 1939 1041 1959 ex
1061 1929 1141 1958 actis
1161 1930 1354 1969 theologicis
1374 1923 1654 1972 Friburgensibus>
1668 1942 1755 1961 com-

357 1979 527 2008 monstrari
556 1985 680 2017 potest,
712 1981 774 2010 SS.
809 1982 1075 2023 Theologiae
1104 1983 1450 2015 Baeculam-eum
1487 1994 1571 2023 esse,
1610 1994 1753 2022 eumque

358 2027 562 2061 biblicum
584 2031 689 2074 etfo
701 2038 906 2065 rmatum!
926 2053 965 2061 -—
983 2035 1079 2067 Absit
1098 2035 1241 2070 invidial
