1995 2496
747 96 763 106 a.

914 153 943 175 tt

746 210 885 237 cmm
917 182 1076 238 anfi.
1594 213 1640 251 17

260 274 674 323 phun-praetermittam.
711 274 824 309 Etiam
847 273 885 309 in
908 273 991 309 actis
1013 272 1226 309 Acfdemiae
1246 271 1279 307 V
1281 271 1529 309 indobonensis
1540 276 1645 311 Suin-

248 335 432 381 sartensis
466 337 666 382 appellatur.
715 335 834 383 Quin,
873 341 912 370 ut
943 347 1011 371 nec
1045 335 1142 381 illud
1170 339 1325 380 tacefim,
1367 335 1645 372 Valentinus

262 396 385 447 Enge
395 397 569 442 Marde,
616 397 868 449 Gelterslzemio
902 409 1014 444 prope
1045 397 1282 444 Suinsurtum
1314 403 1430 442 ortus,
1474 397 1647 446 Goioniae

262 458 487 508 Agrippinae
510 465 691 495 com-ector
714 459 846 494 Bursae
870 460 1024 502 Montis,
1058 459 1137 494 data
1160 473 1255 496 anno
1283 459 1382 506 1496.
1406 460 1454 496 ad
1479 460 1647 495 Geltem

261 519 430 566 epistola,
467 519 567 567 cujus
593 521 773 566 exemplar
796 532 903 555 manu
926 526 1105 556 exaratum
1135 533 1219 568 prae
1252 522 1363 558 oculis
1386 522 1526 564 habeo,
1563 534 1647 558 eum

263 586 466 617 commonet
492 581 642 615 unitatis
659 581 819 626 patriae,
842 577 1038 628 veterisque
1061 582 1317 627 familiaritatis,
1346 589 1452 630 atque
1476 582 1648 630 Suinfur-

267 647 398 675 tensem
426 647 617 689 nuncupat.
922 687 928 693 x
1263 631 1265 633 Ι

294 703 525 750 Αρυᾳετεηῑί,
550 716 622 751 quo
646 710 746 751 pacto
770 705 945 749 evenerit,
968 711 1008 741 ut
1031 707 1126 755 apud
1148 708 1334 754 plerosque
1359 706 1529 743 invaleret
1552 719 1646 743 com-

266 764 383 799 munis
416 765 477 800 illa
510 766 706 812 persuasio,
737 768 952 813 Suinfordia
984 775 1101 803 ortum
1133 780 1207 804 esse
1242 769 1424 806 Cenem,
1456 769 1648 815 responde-

272 836 368 869 mus,
399 826 476 865 veri
499 838 574 862 esse
599 828 837 863 simillimum:
869 835 1029 874 rogatum
1056 840 1137 864 eum
1162 830 1256 876 apud
1280 836 1434 872 exteros,
1468 827 1564 876 cujas
1591 835 1652 864 aut

272 887 449 922 undenam
473 894 577 930 esset,
601 892 840 933 respondisse,
870 891 1154 934 Suinfurtensem
1178 901 1214 925 se
1239 902 1337 932 esse;
1378 891 1520 935 eoquod
1543 889 1649 923 Sain-

257 947 411 990 surtum
448 946 570 980 civitas
603 947 645 994 sit
677 960 696 981 a
728 951 809 983 loco
842 961 907 981 suo
939 951 1046 982 natali
1074 950 1171 981 haud
1201 951 1327 993 procul
1362 949 1486 982 dissita.
1530 950 1652 983 Solent

269 1016 424 1050 namque
447 1016 593 1051 peregre
615 1012 755 1051 agentes
778 1007 930 1044 vicinam
955 1007 1149 1049 civitatem,
1187 1019 1277 1052 quae
1300 1007 1345 1042 sit
1367 1008 1484 1042 notior
1513 1013 1548 1043 et
1576 1007 1652 1042 illu-

267 1066 391 1108 strior,
430 1079 495 1113 pro
521 1067 632 1113 patria
658 1067 834 1114 profiteri,
869 1069 954 1102 dum
977 1074 1060 1101 sunt
1082 1068 1149 1101 orti
1171 1078 1263 1113 pago
1286 1074 1347 1102 aut
1371 1068 1506 1114 oppido
1530 1081 1652 1114 parum

276 1126 416 1162 celebri.
462 1128 499 1164 V
500 1128 582 1162 erba
617 1128 735 1175 itaque
772 1128 1021 1175 peregrinantis
1049 1128 1190 1161 Celtis
1223 1127 1389 1162 videntur
1409 1128 1522 1162 fraudi
1544 1128 1652 1163 fuisse

279 1186 533 1223 Trithemio
546 1214 556 1232 ,
581 1200 626 1224 ex
648 1202 718 1236 quo
742 1190 931 1225 hauserunt
953 1188 1013 1224 alii
1036 1188 1172 1235 decepti
1194 1201 1213 1223 a
1234 1190 1391 1235 decepto.

322 1248 405 1283 Non
430 1249 546 1283 minus
569 1262 588 1284 a
612 1262 696 1286 vero
718 1251 866 1292 abeunt,
891 1251 953 1294 qui
977 1250 1106 1284 idcirco
1130 1241 1415 1294 Suinsurtensem
1439 1250 1656 1295 appellatum

271 1312 414 1354 putant,
451 1310 549 1354 quod
581 1309 624 1344 sit
660 1310 698 1345 in
734 1322 774 1345 ea
805 1311 942 1346 civitate
977 1311 1162 1352 educatus,
1196 1314 1301 1355 atque
1335 1309 1491 1343 imbutus
1524 1309 1656 1344 litteris.

273 1368 371 1402 Huic
397 1369 492 1402 enim
521 1370 969 1416 opinioni,'praeterquam
994 1371 1091 1415 quod
1114 1369 1250 1403 idoneis
1267 1369 1536 1415 probationibus
1553 1369 1657 1403 desti-

271 1433 343 1462 tuta
366 1427 433 1471 sit,
463 1436 670 1474 ,repugnant
693 1442 754 1473 ea,
794 1442 884 1476 quae
910 1433 953 1465 ‘de
977 1430 1070 1465 illius
1095 1429 1311 1465 institutione
1336 1429 1464 1474 puerili
1486 1442 1552 1463 suo
1575 1431 1658 1465 loco

275 1489 506 1535 proferemus.
554 1490 721 1525 Ceterum
756 1492 861 1526 laude
889 1491 1035 1536 dignum
1069 1490 1195 1525 merito
1218 1495 1419 1535 reputamus
1442 1489 1471 1522 J
1482 1502 1512 1523 ο.
1539 1490 1658 1534 Casp.

276 1549 513 1583 Kleiherti
536 1552 722 1585 candorem
747 1552 951 1594 ingenuum,
976 1551 1047 1595 qui,
1072 1562 1284 1594 quamquam
1306 1550 1478 1593 gymnasii
1490 1549 1659 1594 Suinsur-

284 1609 391 1641 tensis
413 1614 527 1642 rector
549 1610 666 1650 suerit,
691 1611 804 1654 palam
827 1609 1058 1643 nihilominus
1082 1609 1258 1654 professus
1283 1609 1340 1649 sit,
1369 1609 1398 1641 C
1404 1609 1446 1641 el
1452 1615 1533 1642 tem
1553 1608 1661 1642 Suin·

267 1667 472 1711 surtensem
506 1680 582 1702 non
616 1668 731 1703 fuisse.
779 1668 910 1704 Confer
943 1680 1019 1705 eam
1057 1671 1094 1705 in
1130 1682 1206 1705 rem
1242 1668 1316 1716 ejus
1342 1668 1586 1718 Programma
1618 1670 1660 1704 dc

279 1727 471 1777 agnomine
494 1736 527 1762 et
545 1727 671 1774 p'atria
697 1729 823 1764 Conr.
852 1730 1003 1766 Celtis.
1026 1730 1212 1777 Suinfurti
1237 1741 1333 1776 1724.
1358 1729 1396 1765 in
1419 1730 1478 1764 fol.

186 1853 193 1857 ’
235 1851 272 1890 c)
298 1847 743 1900 Quibus*Wirceburgum
765 1842 965 1895 allubescit,
989 1852 1179 1899 ipsummet
1197 1851 1364 1886 Celtem
1388 1849 1463 1888 sibi
1478 1850 1666 1895 suffragan-

280 1917 353 1946 tem
376 1912 506 1947 habere
529 1911 715 1955 videntum
741 1912 885 1948 canebat
909 1913 1002 1948 enim
1028 1914 1073 1948 de
1096 1925 1133 1948 se
1154 1913 1231 1947 Lib.
1254 1912 1282 1947 I.
1307 1912 1405 1960 Eleg.
1429 1910 1516 1945 ΧῙῙ.

343 1979 346 1981 ’
380 1972 480 2005 Adde
497 1983 611 2020 genus
636 1972 746 2021 longo
765 1986 988 2017 proavorum
1011 1980 1193 2007 stemmate
1217 1974 1374 2015 clarum,

475 2032 627 2066 Moenus
651 2031 712 2083 ubi
731 2033 861 2082 gelidis
886 2046 1022 2069 cornua
1032 2033 1154 2079 flectit
1184 2033 1296 2080 aquis.
1414 2079 1435 2118 3

274 2092 433 2121 Pfflrwl.
