1995 2496
1643 191 1658 201 r

1671 202 1695 241 9

233 263 429 305 fastidium,
464 263 523 298 illa
553 263 705 310 denique
735 253 928 310 ignorantia
953 269 987 299 et
1009 264 1230 311 contemptio
1256 263 1464 299 eruditionis
1487 270 1593 310 atque
1615 266 1691 301 doc-

234 327 343 367 trinae
360 324 563 360 liberalioris
580 338 674 359 nova
692 326 979 371 quotidie'capiat
993 322 1206 361 incrementa
1219 351 1229 368 ‚
1248 326 1423 370 latiusque
1443 324 1696 359 disseminetur.

289 376 295 383 '
333 385 451 421 Refert
482 398 564 421 sane
599 387 812 433 plurimum,
847 385 908 419 has
944 398 1077 421 caussas
1113 392 1270 422 accurate
1305 385 1517 429 examinari,
1553 385 1696 431 suisque

232 448 385 491 singulas
410 448 596 482 momentis
619 446 809 493 ponderari
832 446 944 491 prius,
968 460 1093 493 quam,
1128 449 1225 492 quod
1250 448 1375 482 ultimo
1398 448 1480 482 loco
1503 446 1696 492 disquiren-

236 509 318 542 dum
343 508 424 550 erit,
450 508 605 543 remedia
630 518 857 553 quaeramus,
889 506 1036 551 quibus,
1069 518 1174 552 quam
1198 507 1420 550 inseetamur,
1452 508 1654 552 corruptela
1676 519 1695 540 a

230 570 429 604 scholarum
462 565 593 602 finibus
631 568 754 609 arceri,
783 573 818 601 et
849 567 892 601 ab
922 568 1021 601 omni
1052 567 1206 606 studiosa
1232 567 1433 612 juventute,
1466 569 1599 614 quoad.
1616 566 1696 602 fieri
1749 581 1753 585 “

230 633 363 674 potest,
396 627 545 671 abstergi
573 632 608 661 et
639 626 767 672 depelli
799 627 915 672 possit.
971 628 1027 662 En
1058 628 1201 662 materia
1224 628 1378 673 plurium
1402 635 1693 674 programmaton,

232 688 396 734 deinceps
410 688 653 731 edendorum,
677 688 866 725 uberrima.
913 688 1087 734 Equidem
1111 689 1211 724 facile
1235 688 1432 734 prospicio,
1456 690 1584 722 multos
1608 689 1691 731 fore,

233 749 295 794 qui
330 748 494 795 protinus*
523 760 578 783 me
610 749 868 794 consiliumque
897 760 1014 784 meum
1045 749 1264 795 vituperent,
1299 749 1379 791 alii,
1408 749 1488 795 quia
1521 760 1561 783 ea
1593 748 1629 782 in
1657 760 1693 782 re

230 806 338 855 longe
359 812 381 844 a
412 822 468 844 me
502 810 730 852 dissentiunt;
765 810 842 852 alii,
877 810 963 857 quia*
982 822 1119 845 mecum
1145 810 1331 846 sentientes
1354 816 1415 844 aut
1438 821 1694 855 supervacuum

227 870 402 918 judicant,
434 884 590 906 caussam
614 872 759 907 minime
783 883 913 906 novam
939 877 973 906 et
996 871 1205 913 inauditam,
1234 871 1297 905 sed
1321 870 1494 905 multoties
1518 874 1692 904 tractatam

231 936 431 971 retractare,
463 931 682 977 eandemque
714 939 843 965 rursus-
865 930 1023 964 occinere
1056 931 1170 963 surdis
1205 931 1412 963 cantilenam
1443 930 1606 970 auribus3
1630 934 1697 961 -aut

232 992 336 1034 plane
357 991 593 1032 temerarium,
619 991 684 1026 niti
707 991 806 1036 quasi
832 996 950 1025 contra
975 995 1186 1031 torrentem,
1211 995 1245 1024 et
1268 989 1441 1033 corrigere
1466 989 1576 1030 velle,
1601 987 1697 1033 quod

233 1063 334 1096 aegre
353 1050 425 1098 jam
450 1051 702 1087 correctionem
724 1051 887 1091 admittat.
935 1050 1067 1085 Verum
1091 1051 1186 1091 hunc
1209 1050 1297 1082 mihi
1321 1056 1454 1083 metum
1478 1049 1698 1093 scrupulum-

232 1123 302 1157 que
323 1123 466 1146 omnem
501 1112 628 1146 exemit
660 1110 784 1157 partim
818 1110 992 1143 studiosae
1019 1108 1212 1156 juventutis
1246 1110 1456 1151 commodo,
1491 1120 1564 1152 quo
1595 1118 1695 1155 meae

231 1173 331 1207 sortis
354 1173 558 1208 hominibus
583 1172 673 1207 nihil
696 1172 799 1206 debet
822 1182 894 1205 esse
919 1170 1114 1214 antiquius,
1146 1169 1321 1203 serviendi
1344 1169 1535 1214 cupiditas;
1569 1167 1695 1213 partim

228 1245 248 1266 a
266 1234 476 1274 duumviris,
496 1225 688 1277 sapientiae
706 1232 892 1275 magistris,
917 1230 1119 1262 Horatio
1145 1237 1177 1263 et
1196 1230 1359 1262 Seneca
1379 1228 1503 1275 injecta
1521 1227 1695 1272 cogitatio,

228 1292 321 1325 illius
342 1291 505 1337 quidem:
529 1292 597 1325 ‚Nil
608 1292 864 1336 desperandum
871 1305 886 1330 ,·
899 1292 935 1332 *)
959 1291 1082 1338 hujus:
1108 1293 1304 1335 Nunquam
1320 1291 1472 1324 nimium
1488 1292 1575 1331 dici,
1601 1291 1699 1333 quod

226 1363 410 1395 nunquam
430 1352 517 1385 satis
533 1351 604 1384 dici
615 1352 744 1395 possit,
774 1358 807 1383 et
830 1364 900 1384 esse
922 1353 1053 1393 multa,
1078 1364 1166 1395 quae
1191 1357 1392 1384 monstrare
1413 1351 1512 1383 haud
1524 1350 1692 1392 stffciae,

225 1411 286 1445 sed
322 1410 506 1446 identidem
538 1411 719 1444 inserenda
742 1417 775 1444 et
796 1410 1008 1444 inculcanda
1031 1411 1113 1444 sint.
1127 1411 1185 1450 Η)
1694 1458 1696 1460 Ι

319 1473 422 1507 Plura
447 1472 553 1517 igitur
578 1473 621 1507 de
636 1473 690 1506 his
704 1472 797 1507 alias.
843 1472 949 1507 Nunc
965 1472 1059 1507 enim
1075 1472 1112 1506 id
1129 1472 1304 1517 agendum
1323 1478 1389 1514 est,
1410 1475 1449 1505 ut
1465 1482 1510 1505 ne
1527 1470 1696 1505 eximium

228 1532 460 1577 Kliipfelii
493 1533 604 1566 nostri
637 1545 726 1578 opus
755 1534 796 1565 de
827 1533 900 1565 vita
929 1539 962 1564 et
991 1533 1137 1575 scriptis
1172 1532 1333 1565 Com-adi
1365 1532 1489 1572 Celtis,
1525 1533 1623 1575 quod
1657 1532 1696 1564 in

228 1592 318 1626 hanc
343 1592 453 1635 diem,
484 1591 566 1637 quia
589 1592 689 1627 Latio
709 1603 871 1627 sermone
894 1591 1059 1636 scriptum
1087 1597 1153 1634 est,
1171 1591 1412 1633 ,redemtorem
1437 1591 1596 1626 invenire
1619 1603 1696 1625 non

227 1657 379 1698 poterat,
402 1652 439 1686 in
464 1652 614 1693 tenebris
648 1651 824 1686 delitescat
858 1651 1008 1692 diutius,
1035 1652 1106 1692 ⁴sed
1139 1664 1206 1696 qua
1238 1657 1353 1697 potest
1381 1652 1517 1686 ratione
1549 1652 1691 1698 optima,

229 1712 367 1746 tandem
389 1711 577 1756 aliquando
602 1705 638 1744 in
661 1712 776 1745 lucem
799 1711 957 1756 prodeat.
1018 1711 1211 1756 Quodnam
1237 1711 1371 1746 idcirco
1387 1737 1396 1754 ‚
1430 1718 1606 1746 annuente
1640 1711 1698 1745 Se-

232 1779 316 1807 natu
352 1773 580 1813 Academico,
616 1772 801 1806 consilium
836 1773 1004 1817 ceperim,
1043 1772 1246 1816 priusquam
1285 1773 1487 1814 ostendam,
1520 1785 1594 1806 non
1629 1773 1693 1806 erit

230 1833 502 1875 inconveniens,
526 1826 642 1878 ipsius*
657 1832 691 1866 b.
715 1831 873 1867 auctoris
896 1831 1004 1865 vitam
1028 1831 1180 1866 breviter
1205 1843 1372 1867 enarrare.

268 1972 298 2006 *)
319 1972 383 2001 od.
402 1972 451 2000 Π.
472 1981 498 2007 7.
520 1973 567 2001 28.

269 2023 317 2061 **)
338 2022 446 2062 Epist.
467 2033 514 2061 7²·

306 2076 418 2106 Paos.
437 2077 464 2106 I.

1374 2081 1393 2104 [Q
