1995 2496
302 181 317 207 1
324 174 349 214 4

291 241 475 293 gentius
498 240 621 278 Belle
631 238 687 274 lli
697 250 763 282 us,
785 238 882 273 Joa.
907 238 939 270 L
950 249 972 271 a
982 249 1041 280 ur.
1066 235 1211 280 Ber-ti,
1227 235 1366 282 ‘aliique
1381 236 1449 272 viri
1463 248 1507 272 ex
1522 237 1762 283 Augustinena

294 305 389 340 sium
422 302 564 338 familia.
584 301 785 339 doctissimi.
845 299 937 333 Cum
969 298 1086 345 itaque
1117 298 1150 340 Ε,
1156 311 1178 332 ιι
1186 310 1215 347 g·
1222 311 1240 333 e
1249 299 1264 331 l
1270 300 1315 333 be
1324 305 1368 332 nt
1377 312 1402 332 u
1412 308 1429 330 s
1462 301 1625 346 sequenti
1654 302 1768 338 statim

295 376 388 400 anno
411 363 530 409 (1768.
555 373 586 406 4„
611 363 718 408 Aug.)
740 363 854 397 theses
879 360 1046 406 quasdam
1071 360 1113 397 de
1133 366 1233 393 statu
1256 366 1408 394 naturae
1419 368 1540 406 purae
1554 364 1765 409 impossibili
1780 357 1782 360 ’

293 424 437 471 publice
472 423 712 471 proposuisset
725 447 736 464 ‚
770 421 929 466 protinus
968 419 1068 454 litem
1104 419 1139 453 ei
1174 420 1327 455 intendit
1360 427 1539 457 accusator
1571 426 1770 469 acerrimus,

292 485 327 519 F
330 498 353 518 r
362 499 385 519 a
395 499 417 519 n
428 498 453 519 c.
492 485 528 518 X
533 498 554 518 a
562 497 591 518 v.
635 483 696 518 W
696 496 720 521 a
732 483 804 517 ldn
816 494 862 515 er·
896 492 916 515 e
953 480 987 514 S.
1022 480 1051 513 Ι.
1084 479 1261 526 professor
1299 482 1501 528 theologiae
1534 485 1769 529 speculativae

294 545 494 593 primarius,
519 545 599 591 qui,
622 557 729 590 quam
755 544 804 578 de
815 548 936 577 natura
955 553 1043 588 pura
1068 541 1102 574 K
1111 541 1126 574 l
1132 543 1158 575 ii
1160 554 1189 587 p
1185 542 1261 588 fel
1266 541 1279 576 ἰ
1286 555 1334 576 us
1357 543 1532 587 tuebatur,
1540 569 1551 578 .
1564 545 1770 579 sententiam

296 618 425 641 novam
447 613 554 652 atque
579 606 617 639 in
643 605 792 639 tenebris
816 603 986 637 traditam
1011 613 1105 643 esse,
1138 604 1255 648 palam
1278 604 1547 649 pronunciavit,
1583 611 1618 640 et
1648 612 1769 652 postea
1825 633 1838 637 -

293 667 332 702 in
367 663 609 704 dissertatione
644 669 685 702 de
713 666 850 701 divinae
880 663 1024 714 gratiae
1061 663 1239 707 beneficiis
1271 676 1294 698 a
1326 660 1454 699 debieo'
1476 665 1667 702 vindicatis
1696 680 1770 704 non

293 729 466 764 dubitavit
488 730 658 766 scribere:
687 730 779 764 hanc
804 730 847 763 de
875 734 997 762 natura
1029 739 1116 772 pura
1151 728 1394 771 quaestionem
1427 729 1574 764 minime
1599 719 1772 775 αδιαφορον,

292 789 355 822 sed
379 790 725 838 vere‘dogmaticam
750 800 841 830 esse,
878 799 997 834 neque
1020 788 1228 823 sententiam
1257 787 1553 834 Augustinianam
1578 802 1598 824 a
1630 789 1772 836 Bajana

291 855 326 883 et
350 849 574 884 Janseniana
598 850 735 889 haeresi
759 850 968 895 discrepare.
1020 849 1090 883 Sed
1113 850 1206 884 hanc
1228 851 1371 894 plenam
1397 850 1553 885 invidiae
1576 856 1610 885 et
1634 852 1771 886 temeri-

294 911 371 944 tatis
407 911 688 945 criminationem
705 937 714 953 ‚
751 911 874 945 emissa
910 909 1157 943 lucubratione
1190 909 1231 941 de
1269 908 1407 942 eximiis
1425 910 1582 944 dotibus
1621 918 1772 947 naturae

295 971 473 1006 humanae
496 979 579 1006 ante
589 979 794 1018 peccatum,
819 970 1034 1017 argumentis
1047 968 1265 1004 solidissimis
1286 970 1480 1006 confutavit
1495 972 1584 1005 Klic·
1586 985 1614 1017 p
1611 973 1707 1017 feli
1714 986 1770 1017 us,

293 1031 333 1066 in
357 1044 400 1067 eo
424 1033 577 1067 maxime
605 1034 822 1073 laudandus,
856 1031 971 1075 quod,
1004 1035 1118 1063 rectae
1148 1029 1275 1063 mentis
1301 1030 1515 1065 conscientia
1538 1032 1661 1075 nixus,
1697 1046 1771 1068 non

291 1098 383 1135 tam,
421 1094 509 1138 quid
541 1098 775 1129 accusatorem
805 1095 965 1137 oporteat
996 1089 1281 1135 audiresquam
1315 1091 1401 1135 quid
1435 1099 1634 1128 accusatum
1670 1094 1772 1140 loqui

295 1153 435 1196 deceat,
468 1166 552 1200 prae
575 1153 686 1188 oculis
710 1152 915 1186 habendum
940 1160 1014 1183 esse
1038 1145 1273 1190 existimabat,
1309 1150 1527 1196 cavebatque
1551 1154 1693 1196 sedulo,
1724 1165 1770 1190 ne

297 1212 370 1245 stili
408 1213 599 1247 acrimonia
636 1211 898 1254 verborumque
933 1208 1119 1242 acerbitate
1153 1209 1393 1242 adversarium
1430 1211 1533 1255 ullibi
1569 1214 1769 1250 offenderet

292 1272 405 1305 Paulo
428 1279 509 1317 post
531 1284 649 1307 caussa
674 1284 694 1305 a
718 1282 882 1316 supremo
902 1269 1051 1310 Senatu,
1083 1268 1146 1313 qui
1174 1269 1218 1302 ad
1247 1269 1399 1312 regenda
1432 1270 1624 1306 litterarum
1656 1274 1769 1309 studia

294 1332 330 1365 V
329 1332 526 1366 indobonae
558 1332 764 1368 constitutus
801 1337 890 1372 erat,
926 1329 1038 1374 probe
1075 1328 1238 1372 cognita,
1275 1334 1310 1363 et
1340 1329 1384 1362 ad
1420 1330 1601 1375 aequitatis
1630 1334 1766 1369 lancem

289 1401 407 1429 exacte
430 1391 641 1438 ponderata,
668 1392 725 1424 ΚΖ
734 1393 759 1424 is·
764 1403 792 1435 p
790 1390 944 1435 felius
970 1388 1014 1422 ab
1049 1387 1147 1432 omni
1172 1389 1298 1424 erroris
1319 1394 1402 1424 nota
1427 1390 1594 1426 immunis
1619 1386 1767 1437 declara-

288 1460 364 1495 tus;
409 1454 642 1487 calumniator
676 1459 796 1488 contra
830 1453 945 1486 solum
982 1455 1139 1492 mutare,
1179 1450 1285 1484 et'in
1321 1450 1417 1484 aliud
1450 1440 1768 1503 collegiuffiabire

284 1513 401 1560 jussus
443 1519 512 1555 est,
549 1513 724 1548 societatis
762 1513 948 1548 Jesuiticae
973 1510 1137 1556 patribus
1172 1511 1218 1544 ad
1254 1510 1384 1545 exitum
1419 1513 1507 1546 adeo
1543 1512 1767 1558 inopinatum
1805 1539 1808 1545 .

288 1574 410 1608 frustra
433 1574 662 1618 ringentibus.

382 1633 632 1668 Verumtamen
656 1632 957 1678 quemadmodum
983 1630 1073 1664 nihil
1098 1637 1166 1673 est,
1191 1631 1288 1676 quod
1313 1631 1435 1678 primis
1453 1632 1565 1667 statim
1583 1634 1766 1682 coffltibus

286 1695 331 1727 ad
366 1705 544 1727 summum
578 1694 788 1736 adducatur,
822 1692 873 1726 ita
904 1692 1025 1736 negari
1057 1691 1198 1737 nequit,
1233 1692 1299 1727 hac
1333 1692 1467 1738 duplici
1502 1682 1764 1740 disciplfiarum

287 1753 567 1798 theologicarum
592 1753 794 1788 tractatione
817 1751 952 1788 afflictis
988 1751 1188 1796 theologiae
1222 1752 1329 1787 rebus
1360 1755 1520 1791 nondum
1551 1755 1631 1789 satis
1653 1754 1765 1790 ’fuisse

285 1817 494 1849 consultum.
568 1815 794 1860 Quamquam
829 1815 924 1850 enim
957 1815 1023 1848 hac
1060 1814 1117 1848 via
1149 1814 1375 1847 Jesuicarum
1409 1814 1593 1859 auctoritas
1633 1804 1763 1851 denari

284 1875 451 1918 paulatim
477 1875 666 1920 coepisset,
704 1880 737 1908 et
760 1873 964 1920 cumprimis
988 1874 1048 1907 illa
1073 1873 1177 1919 pestis
1211 1879 1245 1908 et
1269 1875 1465 1920 corruptela
1488 1887 1648 1918 morum,
1675 1888 1762 1921 pro-

286 1933 507 1976 babilismus,
542 1932 641 1981 cujus
672 1934 724 1968 illi
755 1946 912 1970 caussam
942 1940 1039 1968 tanto
1068 1934 1185 1969 studio
1216 1941 1377 1979 egerant,
1409 1935 1439 1968 si
1468 1947 1544 1970 non
1568 1935 1697 1980 frangi,
1728 1942 1763 1970 at

283 1995 404 2030 saltem
431 1985 624 2031 debilitari:
644 1993 773 2041 justam
795 1994 1028 2032 nihilominus
1053 1994 1183 2030 habere
1201 1995 1519 2041 reprehensionem
1541 1996 1611 2030 hoc
1638 1994 1757 2041 ipsum

1319 2468 1323 2471 ,
1574 2456 1576 2459 ’
1735 2461 1768 2474 *ἲ
1778 2471 1784 2474 .
1809 2474 1811 2476 ,
1852 2472 1860 2476 ,η
1930 2470 1933 2472 r

1008 2493 1018 2496 „
1027 2464 1995 2496 mommsen&
