1995 2496
1603 124 1624 162 5

159 198 390 251 Annalium
417 192 822 253 typographicorum‘
843 195 996 237 editori
1019 195 1297 237 celeberrimo
1320 195 1369 237 G.
1387 196 1472 238 W.
1502 200 1627 239 Pan-

160 299 179 324 ι
190 298 273 324 ero
282 287 297 330 ,'
327 279 606 323 con'ciliatOris
620 296 670 323 ac
688 289 942 337 proxenetae
959 283 1070 322 vices
1089 288 1241 337 agente
1256 279 1386 322 Nico
1397 280 1440 324 la
1452 294 1479 322 ο
1493 282 1577 326 W
1578 282 1629 321 ι’Ζ-

162 368 178 406 l
186 367 200 406 i
208 381 252 412 o,
283 365 514 420 theologiae
539 364 757 418 quondam
775 363 891 418 apud
910 362 988 405 nos‘
1008 364 1260 419 professore,
1289 373 1389 418 post
1412 364 1578 405 Caesari
1602 379 1629 405 a

164 448 368 497 consiliis,
399 450 472 502 qui
497 446 660 488 bellicis
689 445 913 486 terroribus
933 448 977 486 in
1000 446 1142 501 fugam
1164 455 1297 496 actus,
1325 447 1630 500 Norimbergae

161 531 425 585 aliquamdiu
450 529 708 578 morabatur,
745 522 914 585 Pylades
936 528 990 570 ad
1013 529 1178 571 obitum
1203 543 1336 584 usque
1360 542 1629 586 perseveran-

164 618 356 657 tissimus:

255 700 501 754 .Tragoedia
526 702 723 742 Senecae:
755 701 891 743 Coena
919 702 1120 755 Thyestis,
1151 714 1278 755 quam
1301 704 1344 742 in
1369 702 1510 743 lucem
1529 702 1629 743 Cel-

164 785 233 825 tis
261 784 455 839 protulit,
482 787 654 826 accessit
671 784 820 826 reculis
842 787 945 826 meis
964 784 1193 828 donatione
1210 788 1396 840 supremi
1414 798 1631 826 sacrorum

162 867 366 906 Antistitis
391 867 609 905 Neostadii
636 869 692 903 ad
719 868 917 905 Aischam
946 871 990 904 in
1019 868 1181 906 ditione
1208 869 1476 915 Baruthensi,
1504 869 1554 907 G.
1570 868 1634 906 M.

161 949 440 994 Sclznizeri,
480 949 588 987 senis
615 949 785 1001 optimi,
822 949 896 1001 qui
918 946 1086 988 codices
1104 947 1306 989 ecclesiae
1317 948 1633 995 Neostadianae,

167 1034 234 1073 cui
266 1038 448 1086 praeest,
477 1035 704 1079 recensuit,
734 1032 926 1085 typisque
954 1026 1178 1073 mandavit.

272 1115 509 1168 Panegyrin
533 1115 589 1153 ad
610 1117 745 1154 Duces
768 1114 969 1154 Bavariae
997 1128 1075 1168 pro
1102 1127 1171 1163 ea,
1210 1127 1293 1167 qua
1319 1123 1380 1154 est
1408 1117 1451 1156 in
1473 1128 1633 1164 omnes,

166 1211 329 1237 summa
348 1197 622 1244 humanitate,
643 1205 907 1248 peramanter
924 1196 1028 1235 mihi
1050 1196 1219 1244 obtulit,
1249 1200 1502 1250 munerique
1524 1199 1639 1237 misit

166 1271 335 1313 scholae
361 1269 638 1324 Tubingensis
668 1272 830 1324 insigne
864 1269 1012 1318 decus,
1060 1269 1305 1323 clarumque
1332 1273 1376 1310 in
1406 1271 1638 1311 litteratura

172 1353 374 1396 Orientali
392 1366 561 1402 nomen,
583 1353 916 1394 Christianus
935 1352 1252 1393 Fridericus
1271 1353 1635 1395 Schnurrerus.

236 1439 239 1442 ’
277 1436 508 1490 Opusculis
537 1435 686 1484 tribus,
724 1438 944 1475 nimirum:
981 1436 1169 1488 Epitonza
1193 1422 1402 1488 atr-iusque
1430 1436 1639 1476 Ciceronis

170 1520 388 1560 rhetorices
399 1536 413 1566 ,·
444 1517 594 1577 'libello
620 1517 750 1555 Taciti
769 1518 818 1554 de
838 1517 919 1555 situ
939 1525 977 1554 et
999 1517 1178 1555 moribus
1196 1517 1511 1562 Germanorum,
1539 1529 1639 1559 cura

171 1602 333 1644 Celtis
365 1593 512 1648 ¹edit03
562 1607 603 1638 et
633 1597 989 1652 Propositionibus
1028 1599 1332 1640 cardinalis
1374 1600 1429 1638 de
1473 1600 1636 1647 Casa,

172 1683 325 1739 quibus
365 1690 425 1723 est
461 1681 710 1735 adjunctum
750 1696 908 1720 carmen
945 1681 1149 1727 seculare,
1195 1683 1310 1721 auxit
1344 1680 1641 1733 collectionem

172 1781 311 1808 meam
336 1767 532 1809 Viennae
558 1766 621 1804 vir
645 1764 964 1813 ecclesiasticus,
993 1763 1216 1808 litterariae
1240 1763 1437 1804 historiae
1464 1767 1642 1805 eximius

173 1849 331 1898 cultor,
364 1847 697 1889 Franciscus
726 1848 974 1902 Herbita,
1016 1845 1301 1888 bibliothecae
1339 1849 1380 1887 in
1411 1846 1645 1903 Academia

172 1933 424 1974 Theresiana
454 1938 600 1972 custos.
