1995 2496
292 195 318 233 8

296 265 466 316 quidem,
491 265 620 314 quibus
644 262 845 310 adstipulari
869 259 1000 301 nolim,
1024 258 1167 305 culpam
1199 269 1340 294 omnem
1361 257 1559 307 conjiciunt
1577 256 1614 292 in
1633 256 1764 293 Latini-

297 330 376 366 tatis
410 327 616 373 magistros,
650 325 733 371 qui,
770 322 866 367 quod
893 319 961 366 ipsi
993 332 1069 354 non
1102 319 1277 361 didicere,
1312 319 1401 354 alios
1431 320 1557 355 docere
1586 331 1766 366 perperam

299 389 500 425 sustineant.
545 384 685 421 Rectius
710 383 852 417 fortasse
877 380 938 415 alii
964 381 1171 415 methodum
1199 380 1369 423 docendi,
1400 378 1562 414 infinitis*
1576 380 1769 425 grammati-

297 463 418 487 carum
442 449 638 494 regularum
662 442 755 479 tricis
786 448 822 479 et
847 442 1053 489 ambagibus
1081 443 1290 490 implexam,
1325 441 1607 488 reprehendunt,
1646 448 1679 477 et
1705 442 1771 477 lin-

298 524 404 557 guam
427 508 601 547 Latinam,
626 510 816 551 postquam
839 505 951 551 prima
972 503 1065 551 jacta
1086 510 1168 539 sunt
1194 504 1470 539 declinationum
1498 508 1533 537 et
1557 501 1773 549 conjugssio-

299 584 385 607 num
413 567 629 610 rudimenta,
654 566 733 614 ipso
753 579 822 601 usu
848 573 882 603 et
906 566 1151 602 exercitatione
1173 566 1273 602 citius
1290 566 1494 611 rectiusque
1513 564 1645 599 addisci
1664 562 1772 611 ajunt,

297 642 402 676 quam
438 628 668 663 multitudine
693 633 979 674 praeceptorum,
1009 633 1100 673 quae
1126 639 1233 662 nemo
1245 652 1256 670 ,
1287 627 1355 669 nisi
1383 627 1445 673 qui
1470 625 1605 673 judicio
1633 625 1773 671 polleat,

297 696 331 724 et
352 689 497 735 linguae
514 687 590 736 jam
613 688 694 723 satis
723 700 868 735 compos
897 689 957 732 sit,
981 689 1178 735 perspicere
1208 694 1319 735 queat.
1369 689 1455 722 Item
1487 687 1547 722 alii
1570 687 1774 729 defendunt,

299 753 386 795 hoc,
420 751 598 797 quidquid
629 757 681 785 est
705 751 811 792 mali,
841 763 916 785 non
939 763 983 785 ex
1009 751 1081 784 alio
1116 751 1212 784 tonte
1244 761 1405 792 manare,
1436 761 1542 794 quam
1570 748 1667 794 quod
1694 749 1775 782 ado-

297 813 480 854 lescentes,
505 811 767 857 quamprimum
795 822 815 845 e
841 811 1024 858 gymnasio
1051 811 1088 845 in
1112 810 1324 846 academiam
1357 810 1510 855 gradum·
1530 809 1660 851 secere,
1683 810 1773 845 adeo

299 875 433 907 nullam
453 872 491 906 iu
514 872 638 916 lingua
665 872 826 905 Romana
845 883 954 917 porro
979 872 1157 906 tractanda
1183 877 1218 905 et
1240 871 1433 906 excolenda
1460 881 1603 916 operam
1626 876 1776 916 ponunt,

302 933 414 975 ut,'si
437 931 612 967 vocabula
638 931 719 965 artis
736 930 907 976 excipias,
931 943 976 965 ne
998 931 1186 966 verbulum
1208 931 1352 976 quidem
1366 930 1533 965 Latinum
1560 936 1620 964 aut
1641 930 1685 965 ab
1703 931 1778 964 aliis

303 992 468 1034 audiant,
499 997 561 1025 aut
584 990 763 1037 proferant
787 991 880 1036 ipsi3
912 991 1000 1036 quin
1021 991 1139 1037 potius
1166 992 1228 1025 has
1250 981 1379 1025 litteras
1400 1003 1510 1035 nugas
1537 1001 1611 1025 esse
1630 996 1780 1024 statuant

303 1058 338 1086 et
362 1063 557 1097 puerorum
585 1051 762 1092 exercitia,
797 1052 984 1096 ipsumque
1016 1051 1223 1085 Ciceronem
1255 1062 1320 1097 pro
1345 1051 1589 1095 ludimagistro
1617 1050 1780 1093 habeant,

303 1110 404 1158 cujus
432 1111 565 1146 femiae
595 1123 739 1144 manum
762 1111 909 1145 feliciter
938 1111 1190 1154 subduxerint,
1222 1116 1261 1145 ut
1286 1110 1359 1157 jam
1391 1110 1592 1145 mirandum
1621 1123 1695 1146 non
1727 1111 1780 1154 sit,

303 1172 348 1214 si,
384 1182 492 1217 quem
521 1170 610 1206 forte
642 1171 681 1205 in
710 1171 878 1216 pueritia·
895 1176 1036 1214 gustum
1070 1170 1245 1205 bonarum
1279 1171 1406 1205 artium
1439 1172 1657 1213 hauserunt,
1685 1184 1782 1206 nunc

306 1232 475 1278 paulatim
500 1232 682 1274 amittant,
707 1238 742 1266 et
768 1231 1019 1266 obliviscantur
1041 1243 1181 1272 rerum,
1206 1243 1352 1276 quarum
1380 1232 1571 1273 notitiam,
1589 1239 1622 1266 et
1647 1232 1781 1272 utilem,

307 1297 341 1326 et
369 1290 584 1339 jucundam,
617 1303 757 1327 servare
793 1291 898 1338 atque
931 1302 1059 1336 augere
1093 1291 1186 1326 sacili
1221 1292 1365 1337 negotio
1396 1292 1601 1338 potuissent.
1632 1302 1634 1306 ’
1674 1293 1782 1327 Multi

305 1357 481 1397 postremo
508 1351 632 1397 ipsam*
652 1357 800 1386 aetatem
826 1358 995 1395 nostram,
1021 1359 1244 1398 praepostere
1270 1353 1388 1387 omnia
1417 1360 1596 1398 agentem,
1621 1354 1783 1400 nihilque

306 1412 414 1454 aliud,
431 1423 538 1456 quam
553 1411 638 1445 hinc
655 1408 795 1446 divitias
812 1416 847 1445 et
861 1417 1063 1456 quaestum,
1078 1411 1175 1447 illinc
1195 1411 1334 1446 delicias
1348 1419 1597 1459 aucupantem,
1612 1421 1783 1458 accusant,

310 1472 535 1517 depravatam
552 1470 754 1516 comprimis
774 1471 1018 1506 educationem
1040 1477 1074 1506 et
1089 1464 1272 1519 parentum
1287 1473 1551 1519 indulgentiam,
1568 1475 1630 1520 qui
1645 1475 1783 1518 liberos,

314 1543 402 1576 quos
445 1530 594 1566 cuilibet
634 1531 839 1577 disciplinae
872 1533 1021 1567 idoneos
1058 1534 1211 1574 (etenim
1250 1535 1387 1582 argilla
1422 1535 1560 1579 quidvis
1591 1536 1785 1569 imitaberis

312 1590 454 1633 uva)*)
479 1591 524 1624 ad
546 1590 751 1625 industriam
775 1591 977 1638 laborisque
995 1593 1213 1628 tolerantiam
1232 1595 1415 1641 oportebat
1436 1595 1663 1639 assuefacere,
1689 1608 1785 1632 nunc

311 1648 406 1695 otio,
442 1650 757 1693 ambulationibus,
788 1653 998 1697 quotidianis
1023 1646 1245 1690 familiarium
1275 1657 1535 1701 congressibus,
1567 1657 1782 1692 celebrandis

313 1713 439 1747 diebus
462 1712 610 1753 festivis,
635 1711 777 1756 agendis
801 1714 990 1757 conviviis,
1014 1715 1140 1756 verbo,
1165 1717 1279 1750 omnis
1305 1717 1443 1762 generis
1471 1716 1643 1752 illecebris
1669 1722 1704 1751 et
1727 1728 1784 1750 cu-

310 1773 496 1820 piditatum
527 1771 715 1808 lenociniis
739 1772 954 1819 innutriunt,
988 1788 1101 1821 eaque
1125 1777 1267 1812 lenitate
1289 1784 1324 1812 et
1349 1790 1452 1813 caeco
1478 1789 1598 1811 amore
1620 1776 1783 1821 efficiunt,

312 1840 350 1868 ut
366 1833 439 1880 jam
463 1833 603 1868 infamis
629 1833 689 1867 illa
713 1833 893 1878 mollities,
920 1836 978 1871 illa
1001 1836 1112 1883 turpis
1133 1842 1168 1870 et
1186 1835 1339 1883 projecta
1358 1836 1513 1881 ignavia,
1537 1837 1596 1871 illa
1622 1838 1782 1872 omnium

313 1893 547 1928 molestiarum
581 1899 615 1928 et
642 1894 847 1940 graviorum
879 1896 1045 1933 laborum
1080 1896 1188 1942 fuga,
1219 1897 1310 1933 illud
1349 1897 1561 1945 optimarum
1592 1898 1782 1943 litterarum

354 2024 388 2062 ξθ)
408 2025 561 2055 Horat.
581 2025 676 2064 epist.
697 2028 747 2060 II.
768 2038 793 2057 π.
815 2031 843 2059 8.
