1995 2496
1628 215 1667 241 11

202 277 385 314 biennium
408 276 553 312 feliciter
567 276 751 323 attigisset,
775 277 824 311 de*
840 276 933 312 vitae‘
947 283 1086 322 -genere
1115 276 1308 322 deligendo
1334 272 1557 312 deliberavit
1596 277 1670 312 Ho-

201 340 289 374 mini
311 339 500 374 litterarum
526 345 559 374 et
587 340 783 375 solitudinis
815 338 944 372 amanti
976 339 1125 374 maxime
1163 339 1339 374 arridebat
1369 339 1441 374 vita
1471 337 1669 373 monastica.

201 400 326 444 Itaque
348 399 504 433 instituto
528 387 849 448 Augustinensium
874 399 1049 433 eremitico
1077 406 1279 444 aggregatus
1304 405 1373 441 est,
1400 405 1434 433 et
1452 404 1527 441 (an.
1555 398 1669 442 1750.)

200 461 389 504 coenobio,-
430 462 527 507 quod
567 461 758 506 Herbipoli
795 464 888 502 erat,
928 459 1020 494 filius
1067 459 1266 506 adscriptus.
1328 459 1503 496 Monachi
1536 465 1668 495 vestem

198 522 311 557 induit
337 522 566 566 Oberndorfi'i
590 523 633 556 ad
662 522 849 564 Nicarum,
880 524 1091 567 expletoque
1115 522 1295 564 tirocinio,
1330 522 1552 557 solemnibus
1577 522 1675 558 votis.

195 592 233 617 se
253 581 437 615 obstrinxit
456 582 528 624 (an.
546 582 661 624 1751.)
704 582 843 616 Mutato
867 582 1011 616 nomine
1029 580 1102 628 jam
1125 581 1235 617 dictus
1254 581 1586 631 Engelbereus,
1610 595 1668 617 su·

195 642 375 687 periurum
394 640 494 686 jussu
521 641 745 691 Friburgum
779 643 1004 677 Nuithonum
1027 644 1134 684 abiit,
1165 651 1204 676 ut
1235 644 1280 677 ad
1304 645 1474 678 societatis
1504 644 1666 687 Augusti-

195 701 322 736 nian-ae
342 712 503 737 normam
533 702 794 750 philosophicas
826 702 1024 749 disciplinas
1050 703 1088 738 in
1114 704 1242 738 scholis
1269 703 1466 739 domesticis
1487 704 1664 738 recoleret.

194 763 263 798 Sed
280 774 384 809 quem
404 763 462 800 hic
473 770 593 799 nactus
609 770 681 800 erat
697 765 919 810 magistrum,
946 765 1137 811 discipulus
1161 777 1326 812 superare
1342 765 1543 807 videbatur,
1567 765 1664 800 unde

194 824 291 859 leves
319 825 561 859 contentiones
587 831 706 868 ortae,
738 830 828 870 quae
851 833 969 859 ansam
996 827 1183 868 dederunt,
1207 832 1246 859 ut
1269 827 1330 860 ilie
1353 828 1433 860 loco
1457 831 1664 866 moveretur,

193 882 276 919 huic
303 884 348 918 ad
370 885 617 930 prosequenda
640 885 886 931 philosophiae
918 887 1031 920 studia
1063 886 1270 932 Erforch'am
1303 887 1526 931 migrandum
1563 889 1663 920 esset.

190 944 383 984 Enimvero
415 954 490 979 non
518 945 854 979 commemoratione
883 947 1018 987 solu-m,
1052 947 1114 981 sed
1143 959 1279 980 summa
1310 948 1415 980 laude
1444 947 1591 989 dignum
1615 950 1667 979 est

166 1009 231 1049 ‚et
252 1003 469 1049 imitatione,
508 1007 619 1052 quod,
657 1006 719 1053 qui
741 1006 970 1053 opinionibus
995 1007 1086 1042 inter
1107 1018 1144 1042 se
1175 1006 1439 1049 dissentiebant,
1474 1006 1563 1040 adeo
1591 1016 1665 1039 non

197 1064 479 1112 disjungerentur
509 1068 651 1109 animis,
686 1074 726 1101 ut
758 1068 923 1113 deinceps
945 1075 1126 1113 vperpet-*o
1149 1069 1340 1102 litterarum
1365 1067 1577 1102 commercio
1609 1066 1663 1100 fir-

187 1133 323 1162 marent
345 1127 552 1171 amicitiam,
576 1134 611 1163 et
634 1128 765 1163 mutuis
789 1139 826 1163 se
858 1128 1034 1174 obsequiis
1062 1126 1243 1175 juvarent,
1276 1134 1530 1173 omnemque,
1561 1126 1658 1171 quod

188 1193 279 1223 certe
303 1190 407 1224 erecti
432 1189 541 1223 animi
566 1196 600 1225 et
624 1190 806 1235 singularis
832 1190 1023 1224 modestiae
1047 1187 1152 1235 atque
1181 1189 1403 1223 humanitatis
1434 1189 1471 1222 in
1503 1194 1656 1232 utroque

186 1252 258 1280 erat
286 1244 539 1291 argumentum.
596 1250 675 1283 Jam
705 1251 749 1282 ad
774 1250 971 1292 theologiae
994 1250 1149 1283 studium
1174 1249 1318 1283 transire
1342 1249 1535 1294 oportebat.
1601 1248 1659 1280 In-

184 1306 320 1343 choavit
335 1306 424 1340 illud
436 1313 553 1341 noster
569 1303 605 1341 in
629 1307 732 1354 hujus
757 1308 903 1343 civitatis·
927 1309 1103 1343 coenobio
1127 1315 1198 1352 (an.
1228 1310 1356 1351 1754),
1379 1310 1558 1352 alteroque
1583 1306 1653 1351 jam

184 1377 277 1401 anno
300 1367 442 1413 publice
472 1368 651 1414 disputans
687 1371 862 1414 praeclara
893 1369 1071 1404 doctrinae
1105 1368 1294 1414 specimina
1329 1367 1501 1414 praebuit.
1563 1367 1653 1400 Con-

182 1427 333 1463 stantine
356 1427 438 1462 dein
461 1433 530 1470 (an.
560 1428 656 1472 1756.
680 1438 800 1463 mense
833 1427 963 1474 Aprili)
988 1429 1181 1463 sacerdotio
1206 1428 1451 1472 inauguratus,
1474 1439 1536 1473 per
1554 1427 1655 1461 bien-

183 1487 283 1522 nium
307 1487 409 1522 filum
432 1489 539 1523 studii
562 1489 751 1535 theologici
774 1490 824 1524 ibi
849 1490 1085 1533 continuavit,
1111 1488 1334 1536 perfecitque.

271 1611 322 1644 Ita
346 1617 484 1656 paratus
509 1616 544 1645 et
567 1611 715 1645 idoneus
745 1612 790 1645 ad
814 1611 977 1645 obeunda
1001 1612 1138 1653 munia,
1163 1623 1244 1646 cum
1270 1615 1496 1656 exspectaret,
1521 1609 1650 1654 quibus

184 1671 330 1715 negotiis
352 1683 372 1705 a
398 1671 600 1717 proceribus
626 1676 714 1705 esset
737 1671 971 1713 adhibendus,
996 1671 1126 1716 patriae
1151 1672 1324 1713 redditur,
1350 1677 1384 1705 et
1406 1670 1444 1704 in
1467 1669 1650 1716 gymnasio

184 1730 527 1773 Miinne'rstadien‘si,
551 1731 645 1775 quod
660 1735 734 1764 tum
751 1730 1087 1775 Augustinianorum
1107 1742 1209 1765 curae
1232 1730 1387 1776 fideique
1410 1729 1649 1765 concreditum

182 1798 273 1834 erat,
308 1791 517 1827 erudiendae
538 1789 716 1836 juventuti
740 1791 954 1826 admovetur.
1016 1791 1115 1825 Nihil
1145 1792 1177 1826 ei
1202 1803 1321 1837 neque
1344 1790 1520 1836 acceptius
1552 1794 1647 1835 opta-

180 1851 343 1897 tiusque‚
377 1864 493 1897 neque
518 1852 618 1886 etiam
651 1853 883 1898 opportunius
917 1851 1109 1897 utiliusque
1132 1858 1269 1897 poterat
1299 1852 1450 1887 evenire.
1512 1850 1568 1884 Ab
1601 1860 1646 1884 eo

180 1912 274 1946 enim
304 1918 463 1959 tempore
489 1919 619 1947 veteres
648 1919 821 1955 auctores,
854 1923 956 1948 veros
987 1912 1065 1945 illos
1103 1917 1138 1946 et
1171 1923 1278 1957 puros
1309 1910 1423 1944 omnis
1452 1909 1647 1956 sapientiae

181 1978 216 2006 et
241 1972 461 2018 eloquentiae
491 1973 621 2013 fontes,
655 1973 792 2008 assidue
828 1973 1004 2008 tractando
1040 1978 1074 2007 et
1108 1972 1385 2018 interpretando,
1421 1982 1499 2006 non
1528 1972 1645 2005 solum

177 2038 284 2078 recte,
308 2035 502 2080 eleganter,
526 2032 677 2069 suaviter
695 2033 738 2069 tle
763 2035 867 2071 rebus
893 2034 1036 2080 singulis
1069 2034 1208 2070 dicendi
1239 2033 1438 2070 facultatem
1460 2032 1529 2068 sibi
1552 2043 1646 2071 com-
