<?xml version="1.0" encoding="UTF-8"?>
<!DOCTYPE html PUBLIC "-//W3C//DTD XHTML 1.0 Transitional//EN"
    "http://www.w3.org/TR/xhtml1/DTD/xhtml1-transitional.dtd">
<html xmlns="http://www.w3.org/1999/xhtml" xml:lang="en" lang="en">
 <head>
  <title>
</title>
<meta http-equiv="Content-Type" content="text/html;charset=utf-8" />
  <meta name='ocr-system' content='tesseract 3.04.00' />
  <meta name='ocr-capabilities' content='ocr_page ocr_carea ocr_par ocr_line ocrx_word'/>
</head>
<body>
  <div class='ocr_page' id='page_1' title='image "./4627218_0015.png"; bbox 0 0 1995 2496; ppageno 0'>
   <div class='ocr_carea' id='block_1_1' title="bbox 293 172 317 212">
    <p class='ocr_par' dir='ltr' id='par_1_1' title="bbox 293 172 317 212">
     <span class='ocr_line' id='line_1_1' title="bbox 293 172 317 212; baseline 0 0"><span class='ocrx_word' id='word_1_1' title='bbox 293 172 317 212; x_wconf 82' lang='lat'>6</span> 
     </span>
    </p>
   </div>
   <div class='ocr_carea' id='block_1_2' title="bbox 285 241 1770 1506">
    <p class='ocr_par' dir='ltr' id='par_1_2' title="bbox 288 241 1770 715">
     <span class='ocr_line' id='line_1_2' title="bbox 291 241 1766 289; baseline 0 -5"><span class='ocrx_word' id='word_1_2' title='bbox 291 248 499 284; x_wconf 84' lang='lat' dir='ltr'><strong>sententiam</strong></span> <span class='ocrx_word' id='word_1_3' title='bbox 525 260 568 283; x_wconf 81' lang='lat' dir='ltr'><strong>ex</strong></span> <span class='ocrx_word' id='word_1_4' title='bbox 595 248 782 289; x_wconf 73' lang='lat' dir='ltr'><strong><em>Cicerone„</em></strong></span> <span class='ocrx_word' id='word_1_5' title='bbox 805 245 967 284; x_wconf 83' lang='lat' dir='ltr'><strong>Caesare,</strong></span> <span class='ocrx_word' id='word_1_6' title='bbox 1003 241 1141 286; x_wconf 78' lang='lat' dir='ltr'><em>Nepote</em></span> <span class='ocrx_word' id='word_1_7' title='bbox 1164 248 1228 279; x_wconf 77' lang='lat' dir='ltr'><strong>cet.</strong></span> <span class='ocrx_word' id='word_1_8' title='bbox 1251 243 1475 289; x_wconf 80' lang='lat' dir='ltr'>vertendam,</span> <span class='ocrx_word' id='word_1_9' title='bbox 1504 251 1564 281; x_wconf 83' lang='lat' dir='ltr'><strong>aut</strong></span> <span class='ocrx_word' id='word_1_10' title='bbox 1587 258 1692 284; x_wconf 76' lang='lat' dir='ltr'><strong>unam</strong></span> <span class='ocrx_word' id='word_1_11' title='bbox 1720 251 1766 284; x_wconf 85' lang='lat' dir='ltr'><strong>al—</strong></span> 
     </span>
     <span class='ocr_line' id='line_1_3' title="bbox 292 302 1768 355; baseline -0.001 -10"><span class='ocrx_word' id='word_1_12' title='bbox 292 316 450 346; x_wconf 83' lang='lat' dir='ltr'><strong>teramve</strong></span> <span class='ocrx_word' id='word_1_13' title='bbox 484 310 799 355; x_wconf 81' lang='lat' dir='ltr'><strong>quaestiunculam,</strong></span> <span class='ocrx_word' id='word_1_14' title='bbox 830 306 874 339; x_wconf 89' lang='lat' dir='ltr'><strong>ad</strong></span> <span class='ocrx_word' id='word_1_15' title='bbox 906 316 1011 350; x_wconf 87' lang='lat' dir='ltr'><strong>quam</strong></span> <span class='ocrx_word' id='word_1_16' title='bbox 1047 302 1166 338; x_wconf 87' lang='lat' dir='ltr'><strong>verbis</strong></span> <span class='ocrx_word' id='word_1_17' title='bbox 1196 317 1310 351; x_wconf 81' lang='lat' dir='ltr'><strong>aeque</strong></span> <span class='ocrx_word' id='word_1_18' title='bbox 1341 306 1475 342; x_wconf 87' lang='lat' dir='ltr'><strong>Latinis</strong></span> <span class='ocrx_word' id='word_1_19' title='bbox 1506 310 1768 355; x_wconf 83' lang='lat' dir='ltr'><strong>responderent,</strong></span> 
     </span>
     <span class='ocr_line' id='line_1_4' title="bbox 293 366 1770 418; baseline 0.001 -13"><span class='ocrx_word' id='word_1_20' title='bbox 293 371 575 418; x_wconf 82' lang='lat' dir='ltr'><strong>proposuissem:</strong></span> <span class='ocrx_word' id='word_1_21' title='bbox 597 369 682 404; x_wconf 84' lang='lat' dir='ltr'><strong>boni</strong></span> <span class='ocrx_word' id='word_1_22' title='bbox 698 366 832 413; x_wconf 87' lang='lat' dir='ltr'><strong>superi,</strong></span> <span class='ocrx_word' id='word_1_23' title='bbox 860 372 899 400; x_wconf 83' lang='lat' dir='ltr'><strong>ut</strong></span> <span class='ocrx_word' id='word_1_24' title='bbox 914 366 1082 401; x_wconf 87' lang='lat' dir='ltr'>haerebat</span> <span class='ocrx_word' id='word_1_25' title='bbox 1107 366 1176 402; x_wconf 83' lang='lat' dir='ltr'><strong>illis</strong></span> <span class='ocrx_word' id='word_1_26' title='bbox 1200 378 1310 413; x_wconf 87' lang='lat' dir='ltr'><strong>aqua;</strong></span> <span class='ocrx_word' id='word_1_27' title='bbox 1336 373 1375 404; x_wconf 89' lang='lat' dir='ltr'><strong>ut</strong></span> <span class='ocrx_word' id='word_1_28' title='bbox 1399 379 1459 402; x_wconf 85' lang='lat' dir='ltr'><strong>ora</strong></span> <span class='ocrx_word' id='word_1_29' title='bbox 1475 370 1706 415; x_wconf 86' lang='lat' dir='ltr'><strong>torquebant;</strong></span> <span class='ocrx_word' id='word_1_30' title='bbox 1731 377 1770 406; x_wconf 87' lang='lat' dir='ltr'><strong>ut</strong></span> 
     </span>
     <span class='ocr_line' id='line_1_5' title="bbox 294 427 1769 478; baseline 0.001 -12"><span class='ocrx_word' id='word_1_31' title='bbox 294 438 393 467; x_wconf 86' lang='lat' dir='ltr'><strong>erant</strong></span> <span class='ocrx_word' id='word_1_32' title='bbox 424 433 549 478; x_wconf 85' lang='lat' dir='ltr'>inopes</span> <span class='ocrx_word' id='word_1_33' title='bbox 580 428 733 470; x_wconf 85' lang='lat' dir='ltr'><strong>consilii,</strong></span> <span class='ocrx_word' id='word_1_34' title='bbox 771 434 807 463; x_wconf 88' lang='lat' dir='ltr'><strong>et</strong></span> <span class='ocrx_word' id='word_1_35' title='bbox 839 427 1049 471; x_wconf 82' lang='lat' dir='ltr'><strong>titubantes,</strong></span> <span class='ocrx_word' id='word_1_36' title='bbox 1082 435 1143 464; x_wconf 88' lang='lat' dir='ltr'><strong>aut</strong></span> <span class='ocrx_word' id='word_1_37' title='bbox 1170 431 1274 476; x_wconf 86' lang='lat' dir='ltr'><strong>plane</strong></span> <span class='ocrx_word' id='word_1_38' title='bbox 1298 428 1403 477; x_wconf 81' lang='lat' dir='ltr'><strong>muti!</strong></span> <span class='ocrx_word' id='word_1_39' title='bbox 1432 430 1542 476; x_wconf 84' lang='lat' dir='ltr'><strong>Atqui</strong></span> <span class='ocrx_word' id='word_1_40' title='bbox 1566 443 1673 470; x_wconf 82' lang='lat' dir='ltr'><strong>nemo</strong></span> <span class='ocrx_word' id='word_1_41' title='bbox 1692 439 1769 477; x_wconf 80' lang='lat' dir='ltr'><strong>erat</strong></span> 
     </span>
     <span class='ocr_line' id='line_1_6' title="bbox 295 490 1768 537; baseline 0 -9"><span class='ocrx_word' id='word_1_42' title='bbox 295 493 486 534; x_wconf 48' lang='lat' dir='ltr'><strong>omnium?</strong></span> <span class='ocrx_word' id='word_1_43' title='bbox 498 493 582 536; x_wconf 86' lang='lat' dir='ltr'><strong>quin</strong></span> <span class='ocrx_word' id='word_1_44' title='bbox 608 490 767 535; x_wconf 80' lang='lat' dir='ltr'><strong>publicas</strong></span> <span class='ocrx_word' id='word_1_45' title='bbox 791 490 972 525; x_wconf 86' lang='lat' dir='ltr'><strong>exhiberet</strong></span> <span class='ocrx_word' id='word_1_46' title='bbox 994 490 1145 532; x_wconf 79' lang='lat' dir='ltr'><strong>litteras,</strong></span> <span class='ocrx_word' id='word_1_47' title='bbox 1172 491 1372 537; x_wconf 82' lang='lat' dir='ltr'><strong>praestantis</strong></span> <span class='ocrx_word' id='word_1_48' title='bbox 1394 490 1543 536; x_wconf 83' lang='lat' dir='ltr'><strong>ingenii,</strong></span> <span class='ocrx_word' id='word_1_49' title='bbox 1567 491 1768 535; x_wconf 71' lang='lat' dir='ltr'><strong>diligentiae</strong></span> 
     </span>
     <span class='ocr_line' id='line_1_7' title="bbox 290 550 1770 598; baseline 0 -10"><span class='ocrx_word' id='word_1_50' title='bbox 290 553 491 598; x_wconf 81' lang='lat' dir='ltr'><strong>singularis,</strong></span> <span class='ocrx_word' id='word_1_51' title='bbox 527 557 562 587; x_wconf 88' lang='lat' dir='ltr'><strong>et</strong></span> <span class='ocrx_word' id='word_1_52' title='bbox 593 562 799 598; x_wconf 85' lang='lat' dir='ltr'><strong>progressus</strong></span> <span class='ocrx_word' id='word_1_53' title='bbox 830 550 868 586; x_wconf 89' lang='lat' dir='ltr'><strong>in</strong></span> <span class='ocrx_word' id='word_1_54' title='bbox 898 550 1022 585; x_wconf 88' lang='lat' dir='ltr'><strong>studiis</strong></span> <span class='ocrx_word' id='word_1_55' title='bbox 1047 551 1143 585; x_wconf 88' lang='lat' dir='ltr'><strong>haud</strong></span> <span class='ocrx_word' id='word_1_56' title='bbox 1166 551 1374 598; x_wconf 82' lang='lat' dir='ltr'><strong>poenitendi</strong></span> <span class='ocrx_word' id='word_1_57' title='bbox 1398 557 1511 587; x_wconf 84' lang='lat' dir='ltr'><strong>testes.</strong></span> <span class='ocrx_word' id='word_1_58' title='bbox 1568 551 1653 589; x_wconf 88' lang='lat' dir='ltr'><strong>Non</strong></span> <span class='ocrx_word' id='word_1_59' title='bbox 1676 553 1770 589; x_wconf 85' lang='lat' dir='ltr'><strong>nulli</strong></span> 
     </span>
     <span class='ocr_line' id='line_1_8' title="bbox 288 612 1769 658; baseline 0.001 -11"><span class='ocrx_word' id='word_1_60' title='bbox 288 614 390 647; x_wconf 78' lang='lat' dir='ltr'><strong>ctiam</strong></span> <span class='ocrx_word' id='word_1_61' title='bbox 415 613 581 658; x_wconf 87' lang='lat' dir='ltr'><strong>praemiis</strong></span> <span class='ocrx_word' id='word_1_62' title='bbox 607 612 730 647; x_wconf 81' lang='lat' dir='ltr'><strong>donati</strong></span> <span class='ocrx_word' id='word_1_63' title='bbox 755 619 868 656; x_wconf 86' lang='lat' dir='ltr'><strong>erant,</strong></span> <span class='ocrx_word' id='word_1_64' title='bbox 895 613 958 658; x_wconf 86' lang='lat' dir='ltr'><strong>qui</strong></span> <span class='ocrx_word' id='word_1_65' title='bbox 983 613 1098 647; x_wconf 85' lang='lat' dir='ltr'>nihilo</span> <span class='ocrx_word' id='word_1_66' title='bbox 1123 618 1240 646; x_wconf 88' lang='lat' dir='ltr'><strong>tamen</strong></span> <span class='ocrx_word' id='word_1_67' title='bbox 1263 612 1400 654; x_wconf 88' lang='lat' dir='ltr'><strong>minus,</strong></span> <span class='ocrx_word' id='word_1_68' title='bbox 1424 624 1529 657; x_wconf 87' lang='lat' dir='ltr'><strong>quam</strong></span> <span class='ocrx_word' id='word_1_69' title='bbox 1554 613 1675 657; x_wconf 82' lang='lat' dir='ltr'><strong>ceteri,</strong></span> <span class='ocrx_word' id='word_1_70' title='bbox 1698 614 1769 648; x_wconf 78' lang='lat' dir='ltr'><strong>bal-</strong></span> 
     </span>
     <span class='ocr_line' id='line_1_9' title="bbox 288 672 1510 715; baseline 0.003 -9"><span class='ocrx_word' id='word_1_71' title='bbox 288 672 486 707; x_wconf 77' lang='lat' dir='ltr'><strong>butiebant.</strong></span> <span class='ocrx_word' id='word_1_72' title='bbox 796 697 810 715; x_wconf 43' lang='grc' dir='ltr'>χ</span> <span class='ocrx_word' id='word_1_73' title='bbox 1507 707 1510 710; x_wconf 19' lang='grc' dir='ltr'><strong>Α</strong></span> 
     </span>
    </p>

    <p class='ocr_par' dir='ltr' id='par_1_3' title="bbox 285 733 1770 1506">
     <span class='ocr_line' id='line_1_10' title="bbox 380 733 1767 778; baseline 0.002 -10"><span class='ocrx_word' id='word_1_74' title='bbox 380 734 476 768; x_wconf 87' lang='lat' dir='ltr'><strong>Cave</strong></span> <span class='ocrx_word' id='word_1_75' title='bbox 498 739 638 776; x_wconf 87' lang='lat' dir='ltr'><strong>autem,</strong></span> <span class='ocrx_word' id='word_1_76' title='bbox 673 734 868 775; x_wconf 81' lang='lat' dir='ltr'><strong>existimes,</strong></span> <span class='ocrx_word' id='word_1_77' title='bbox 900 735 969 767; x_wconf 91' lang='lat' dir='ltr'><strong>hoc</strong></span> <span class='ocrx_word' id='word_1_78' title='bbox 999 735 1093 768; x_wconf 85' lang='lat' dir='ltr'><strong>malo</strong></span> <span class='ocrx_word' id='word_1_79' title='bbox 1127 746 1201 767; x_wconf 89' lang='lat' dir='ltr'><strong>non</strong></span> <span class='ocrx_word' id='word_1_80' title='bbox 1234 733 1365 778; x_wconf 82' lang='lat' dir='ltr'><strong>affligi,</strong></span> <span class='ocrx_word' id='word_1_81' title='bbox 1401 734 1470 768; x_wconf 85' lang='lat' dir='ltr'><strong>nisi</strong></span> <span class='ocrx_word' id='word_1_82' title='bbox 1504 735 1767 771; x_wconf 73' lang='lat' dir='ltr'><strong>,catholicorum</strong></span> 
     </span>
     <span class='ocr_line' id='line_1_11' title="bbox 288 794 1770 842; baseline 0.002 -12"><span class='ocrx_word' id='word_1_83' title='bbox 288 795 487 841; x_wconf 79' lang='lat' dir='ltr'><strong>gymnasia3</strong></span> <span class='ocrx_word' id='word_1_84' title='bbox 513 797 660 830; x_wconf 82' lang='lat' dir='ltr'><strong>haerent</strong></span> <span class='ocrx_word' id='word_1_85' title='bbox 686 796 808 840; x_wconf 88' lang='lat' dir='ltr'><strong>utique</strong></span> <span class='ocrx_word' id='word_1_86' title='bbox 832 795 870 829; x_wconf 89' lang='lat' dir='ltr'><strong>in</strong></span> <span class='ocrx_word' id='word_1_87' title='bbox 900 796 1032 828; x_wconf 84' lang='lat' dir='ltr'><strong>eodem</strong></span> <span class='ocrx_word' id='word_1_88' title='bbox 1056 796 1134 828; x_wconf 84' lang='lat' dir='ltr'><strong>luto</strong></span> <span class='ocrx_word' id='word_1_89' title='bbox 1156 795 1339 841; x_wconf 83' lang='lat' dir='ltr'><strong>gymnasia</strong></span> <span class='ocrx_word' id='word_1_90' title='bbox 1364 794 1770 842; x_wconf 78' lang='lat' dir='ltr'><strong>Protestantium‘plera-</strong></span> 
     </span>
     <span class='ocr_line' id='line_1_12' title="bbox 289 856 1769 901; baseline 0.001 -10"><span class='ocrx_word' id='word_1_91' title='bbox 289 868 367 901; x_wconf 82' lang='lat' dir='ltr'><strong>que.</strong></span> <span class='ocrx_word' id='word_1_92' title='bbox 423 856 517 891; x_wconf 90' lang='lat' dir='ltr'><strong>Nam</strong></span> <span class='ocrx_word' id='word_1_93' title='bbox 541 862 576 891; x_wconf 89' lang='lat' dir='ltr'><strong>et</strong></span> <span class='ocrx_word' id='word_1_94' title='bbox 598 856 755 891; x_wconf 87' lang='lat' dir='ltr'><strong>celebres</strong></span> <span class='ocrx_word' id='word_1_95' title='bbox 779 856 960 901; x_wconf 89' lang='lat' dir='ltr'><strong>quondam</strong></span> <span class='ocrx_word' id='word_1_96' title='bbox 983 856 1163 891; x_wconf 81' lang='lat' dir='ltr'><strong>Saxonum</strong></span> <span class='ocrx_word' id='word_1_97' title='bbox 1186 856 1345 898; x_wconf 87' lang='lat' dir='ltr'><strong>scholae,</strong></span> <span class='ocrx_word' id='word_1_98' title='bbox 1380 867 1471 901; x_wconf 88' lang='lat' dir='ltr'><strong>quae</strong></span> <span class='ocrx_word' id='word_1_99' title='bbox 1495 857 1706 895; x_wconf 80' lang='lat' dir='ltr'><strong>transeuntia</strong></span> <span class='ocrx_word' id='word_1_100' title='bbox 1730 858 1769 892; x_wconf 89' lang='lat' dir='ltr'><strong>in</strong></span> 
     </span>
     <span class='ocr_line' id='line_1_13' title="bbox 293 915 1769 963; baseline 0.001 -11"><span class='ocrx_word' id='word_1_101' title='bbox 293 919 518 953; x_wconf 82' lang='lat' dir='ltr'><strong>Germaniam</strong></span> <span class='ocrx_word' id='word_1_102' title='bbox 553 929 597 952; x_wconf 87' lang='lat' dir='ltr'><strong>ex</strong></span> <span class='ocrx_word' id='word_1_103' title='bbox 627 918 726 951; x_wconf 79' lang='lat' dir='ltr'><strong>ltalia</strong></span> <span class='ocrx_word' id='word_1_104' title='bbox 758 915 984 951; x_wconf 83' lang='lat' dir='ltr'><strong>humanitatis</strong></span> <span class='ocrx_word' id='word_1_105' title='bbox 1019 915 1133 950; x_wconf 81' lang='lat' dir='ltr'><strong>studia</strong></span> <span class='ocrx_word' id='word_1_106' title='bbox 1167 925 1205 950; x_wconf 85' lang='lat' dir='ltr'><strong>se</strong></span> <span class='ocrx_word' id='word_1_107' title='bbox 1237 915 1367 961; x_wconf 86' lang='lat' dir='ltr'><strong>primas</strong></span> <span class='ocrx_word' id='word_1_108' title='bbox 1391 916 1604 963; x_wconf 65' lang='lat' dir='ltr'><strong>iexcepisse,</strong></span> <span class='ocrx_word' id='word_1_109' title='bbox 1640 923 1674 955; x_wconf 79' lang='lat' dir='ltr'><strong>et</strong></span> <span class='ocrx_word' id='word_1_110' title='bbox 1708 918 1769 953; x_wconf 86' lang='lat' dir='ltr'><strong>diu</strong></span> 
     </span>
     <span class='ocr_line' id='line_1_14' title="bbox 291 975 1768 1026; baseline 0.001 -13"><span class='ocrx_word' id='word_1_111' title='bbox 291 980 479 1026; x_wconf 89' lang='lat' dir='ltr'><strong>modisque</strong></span> <span class='ocrx_word' id='word_1_112' title='bbox 516 979 681 1013; x_wconf 89' lang='lat' dir='ltr'><strong>omnibus</strong></span> <span class='ocrx_word' id='word_1_113' title='bbox 715 978 841 1013; x_wconf 86' lang='lat' dir='ltr'><strong>aluisse</strong></span> <span class='ocrx_word' id='word_1_114' title='bbox 873 990 913 1013; x_wconf 87' lang='lat' dir='ltr'><strong>ac</strong></span> <span class='ocrx_word' id='word_1_115' title='bbox 943 977 1089 1019; x_wconf 84' lang='lat' dir='ltr'><strong>fovisse,</strong></span> <span class='ocrx_word' id='word_1_116' title='bbox 1115 975 1198 1023; x_wconf 88' lang='lat' dir='ltr'><strong>jure</strong></span> <span class='ocrx_word' id='word_1_117' title='bbox 1218 976 1478 1021; x_wconf 81' lang='lat' dir='ltr'><strong>gloriabantur,</strong></span> <span class='ocrx_word' id='word_1_118' title='bbox 1509 976 1578 1024; x_wconf 81' lang='lat' dir='ltr'><strong>jam</strong></span> <span class='ocrx_word' id='word_1_119' title='bbox 1609 978 1768 1014; x_wconf 79' lang='lat' dir='ltr'><strong>obsoleto</strong></span> 
     </span>
     <span class='ocr_line' id='line_1_15' title="bbox 291 1036 1767 1086; baseline 0.001 -13"><span class='ocrx_word' id='word_1_120' title='bbox 291 1041 364 1075; x_wconf 83' lang='lat' dir='ltr'><strong>sere</strong></span> <span class='ocrx_word' id='word_1_121' title='bbox 388 1041 452 1074; x_wconf 87' lang='lat' dir='ltr'><strong>illo</strong></span> <span class='ocrx_word' id='word_1_122' title='bbox 476 1041 667 1086; x_wconf 88' lang='lat' dir='ltr'><strong>splendore</strong></span> <span class='ocrx_word' id='word_1_123' title='bbox 690 1039 865 1080; x_wconf 78' lang='lat' dir='ltr'><strong>nominis,</strong></span> <span class='ocrx_word' id='word_1_124' title='bbox 886 1039 957 1071; x_wconf 86' lang='lat' dir='ltr'><strong>sato</strong></span> <span class='ocrx_word' id='word_1_125' title='bbox 982 1037 1163 1082; x_wconf 77' lang='lat' dir='ltr'><strong>cpmmuni</strong></span> <span class='ocrx_word' id='word_1_126' title='bbox 1185 1036 1411 1071; x_wconf 80' lang='lat' dir='ltr'><strong>succubuisse</strong></span> <span class='ocrx_word' id='word_1_127' title='bbox 1433 1037 1607 1073; x_wconf 85' lang='lat' dir='ltr'><strong>videntur.</strong></span> <span class='ocrx_word' id='word_1_128' title='bbox 1657 1037 1767 1086; x_wconf 87' lang='lat' dir='ltr'><strong>Cujus</strong></span> 
     </span>
     <span class='ocr_line' id='line_1_16' title="bbox 288 1097 1769 1143; baseline 0 -9"><span class='ocrx_word' id='word_1_129' title='bbox 288 1100 339 1134; x_wconf 86' lang='lat' dir='ltr'><strong>rei</strong></span> <span class='ocrx_word' id='word_1_130' title='bbox 377 1105 497 1135; x_wconf 84' lang='lat' dir='ltr'><strong>testem</strong></span> <span class='ocrx_word' id='word_1_131' title='bbox 543 1100 713 1134; x_wconf 88' lang='lat' dir='ltr'><strong>habemus</strong></span> <span class='ocrx_word' id='word_1_132' title='bbox 751 1098 1015 1143; x_wconf 85' lang='lat' dir='ltr'><strong>integerrimum</strong></span> <span class='ocrx_word' id='word_1_133' title='bbox 1032 1123 1041 1140; x_wconf 95' lang='lat'>‚</span> <span class='ocrx_word' id='word_1_134' title='bbox 1088 1103 1193 1143; x_wconf 82' lang='lat' dir='ltr'><strong>atque</strong></span> <span class='ocrx_word' id='word_1_135' title='bbox 1234 1097 1491 1141; x_wconf 77' lang='lat' dir='ltr'><strong>certissimum,</strong></span> <span class='ocrx_word' id='word_1_136' title='bbox 1529 1099 1581 1134; x_wconf 92' lang='lat' dir='ltr'><strong>Cl.</strong></span> <span class='ocrx_word' id='word_1_137' title='bbox 1619 1100 1769 1137; x_wconf 89' lang='lat' dir='ltr'><strong>Theolo-</strong></span> 
     </span>
     <span class='ocr_line' id='line_1_17' title="bbox 287 1158 1769 1206; baseline -0.001 -11"><span class='ocrx_word' id='word_1_138' title='bbox 287 1162 365 1205; x_wconf 85' lang='lat' dir='ltr'><strong>giae</strong></span> <span class='ocrx_word' id='word_1_139' title='bbox 387 1162 579 1195; x_wconf 82' lang='lat' dir='ltr'><strong>Doctorem</strong></span> <span class='ocrx_word' id='word_1_140' title='bbox 599 1166 635 1195; x_wconf 88' lang='lat' dir='ltr'><strong>et</strong></span> <span class='ocrx_word' id='word_1_141' title='bbox 656 1160 895 1194; x_wconf 81' lang='lat' dir='ltr'><strong>Professor-ern</strong></span> <span class='ocrx_word' id='word_1_142' title='bbox 914 1159 1153 1203; x_wconf 87' lang='lat' dir='ltr'><strong>Lipsiensem,</strong></span> <span class='ocrx_word' id='word_1_143' title='bbox 1180 1158 1232 1192; x_wconf 89' lang='grc' dir='ltr'><strong><em>Τὶ</em></strong></span> <span class='ocrx_word' id='word_1_144' title='bbox 1240 1164 1414 1192; x_wconf 82' lang='lat' dir='ltr'><strong>ttmann</strong></span> <span class='ocrx_word' id='word_1_145' title='bbox 1426 1171 1510 1200; x_wconf 87' lang='lat' dir='ltr'><strong>um,</strong></span> <span class='ocrx_word' id='word_1_146' title='bbox 1534 1161 1597 1205; x_wconf 90' lang='lat' dir='ltr'><strong>qui</strong></span> <span class='ocrx_word' id='word_1_147' title='bbox 1620 1160 1658 1194; x_wconf 87' lang='lat' dir='ltr'><strong>in</strong></span> <span class='ocrx_word' id='word_1_148' title='bbox 1682 1173 1769 1206; x_wconf 78' lang='lat' dir='ltr'><strong>pon-</strong></span> 
     </span>
     <span class='ocr_line' id='line_1_18' title="bbox 289 1218 1769 1265; baseline -0.001 -11"><span class='ocrx_word' id='word_1_149' title='bbox 289 1221 435 1262; x_wconf 87' lang='lat' dir='ltr'><strong>derosa,</strong></span> <span class='ocrx_word' id='word_1_150' title='bbox 467 1232 573 1265; x_wconf 89' lang='lat' dir='ltr'><strong>quam</strong></span> <span class='ocrx_word' id='word_1_151' title='bbox 597 1232 672 1254; x_wconf 90' lang='lat' dir='ltr'><strong>non</strong></span> <span class='ocrx_word' id='word_1_152' title='bbox 697 1219 743 1253; x_wconf 88' lang='lat' dir='ltr'><strong>ita</strong></span> <span class='ocrx_word' id='word_1_153' title='bbox 766 1219 902 1265; x_wconf 86' lang='lat' dir='ltr'><strong>pridem</strong></span> <span class='ocrx_word' id='word_1_154' title='bbox 927 1219 972 1251; x_wconf 84' lang='lat' dir='ltr'><strong>ad</strong></span> <span class='ocrx_word' id='word_1_155' title='bbox 1002 1218 1119 1252; x_wconf 87' lang='lat' dir='ltr'><strong>virum</strong></span> <span class='ocrx_word' id='word_1_156' title='bbox 1150 1218 1261 1264; x_wconf 79' lang='lat' dir='ltr'><strong>pen&#39;ll.</strong></span> <span class='ocrx_word' id='word_1_157' title='bbox 1324 1218 1442 1255; x_wconf 73' lang='lat' dir='ltr'><strong>Gott,</strong></span> <span class='ocrx_word' id='word_1_158' title='bbox 1461 1220 1540 1253; x_wconf 82' lang='lat' dir='ltr'><strong>Ad.</strong></span> <span class='ocrx_word' id='word_1_159' title='bbox 1563 1220 1662 1258; x_wconf 81' lang='lat' dir='ltr'><strong>Ern.</strong></span> <span class='ocrx_word' id='word_1_160' title='bbox 1688 1221 1769 1256; x_wconf 90' lang='grc' dir='ltr'><strong>Νο-</strong></span> 
     </span>
     <span class='ocr_line' id='line_1_19' title="bbox 288 1277 1768 1325; baseline 0.003 -13"><span class='ocrx_word' id='word_1_161' title='bbox 288 1280 401 1313; x_wconf 80' lang='lat' dir='ltr'><strong>stitz</strong></span> <span class='ocrx_word' id='word_1_162' title='bbox 425 1280 538 1321; x_wconf 82' lang='lat' dir='ltr'><strong>dedit,</strong></span> <span class='ocrx_word' id='word_1_163' title='bbox 571 1280 613 1313; x_wconf 87' lang='lat' dir='ltr'><strong>de</strong></span> <span class='ocrx_word' id='word_1_164' title='bbox 634 1282 739 1314; x_wconf 82' lang='lat' dir='ltr'><strong>rebus</strong></span> <span class='ocrx_word' id='word_1_165' title='bbox 761 1278 984 1322; x_wconf 52' lang='lat' dir='ltr'><strong>Academicis</strong></span> <span class='ocrx_word' id='word_1_166' title='bbox 1007 1277 1177 1323; x_wconf 80' lang='lat' dir='ltr'><strong>epistola,</strong></span> <span class='ocrx_word' id='word_1_167' title='bbox 1203 1279 1236 1317; x_wconf 71' lang='lat'><strong>⁴)</strong></span> <span class='ocrx_word' id='word_1_168' title='bbox 1270 1278 1376 1321; x_wconf 81' lang='lat' dir='ltr'><strong>vitia,</strong></span> <span class='ocrx_word' id='word_1_169' title='bbox 1416 1279 1545 1325; x_wconf 88' lang='lat' dir='ltr'><strong>quibus</strong></span> <span class='ocrx_word' id='word_1_170' title='bbox 1563 1281 1708 1317; x_wconf 77' lang='lat' dir='ltr'><strong>‚scholae</strong></span> <span class='ocrx_word' id='word_1_171' title='bbox 1733 1289 1768 1317; x_wconf 84' lang='lat' dir='ltr'><strong>et</strong></span> 
     </span>
     <span class='ocr_line' id='line_1_20' title="bbox 285 1339 1767 1388; baseline 0.001 -14"><span class='ocrx_word' id='word_1_172' title='bbox 285 1340 485 1375; x_wconf 78' lang='lat' dir='ltr'><strong>academiae</strong></span> <span class='ocrx_word' id='word_1_173' title='bbox 515 1340 624 1375; x_wconf 88' lang='lat' dir='ltr'><strong>hodie</strong></span> <span class='ocrx_word' id='word_1_174' title='bbox 654 1341 833 1384; x_wconf 87' lang='lat' dir='ltr'><strong>laborant,</strong></span> <span class='ocrx_word' id='word_1_175' title='bbox 866 1339 1018 1385; x_wconf 79' lang='lat' dir='ltr'><strong>graviter</strong></span> <span class='ocrx_word' id='word_1_176' title='bbox 1041 1351 1116 1373; x_wconf 88' lang='lat' dir='ltr'><strong>non</strong></span> <span class='ocrx_word' id='word_1_177' title='bbox 1141 1339 1274 1381; x_wconf 88' lang='lat' dir='ltr'><strong>minus,</strong></span> <span class='ocrx_word' id='word_1_178' title='bbox 1307 1352 1413 1385; x_wconf 84' lang='lat' dir='ltr'><strong>quam</strong></span> <span class='ocrx_word' id='word_1_179' title='bbox 1437 1340 1571 1377; x_wconf 80' lang='lat' dir='ltr'><strong>sincere</strong></span> <span class='ocrx_word' id='word_1_180' title='bbox 1601 1343 1767 1388; x_wconf 78' lang='lat' dir='ltr'><strong>coarguit.</strong></span> 
     </span>
     <span class='ocr_line' id='line_1_21' title="bbox 285 1399 1767 1449; baseline 0.001 -12"><span class='ocrx_word' id='word_1_181' title='bbox 285 1401 468 1444; x_wconf 86' lang='lat' dir='ltr'><strong>„Veniunt</strong></span> <span class='ocrx_word' id='word_1_182' title='bbox 491 1402 536 1436; x_wconf 88' lang='lat' dir='ltr'><strong>ad</strong></span> <span class='ocrx_word' id='word_1_183' title='bbox 560 1414 648 1444; x_wconf 87' lang='lat' dir='ltr'><strong>nos,</strong></span> <span class='ocrx_word' id='word_1_184' title='bbox 681 1402 817 1446; x_wconf 83' lang='lat' dir='ltr'><strong>inquit,</strong></span> <span class='ocrx_word' id='word_1_185' title='bbox 848 1400 1020 1448; x_wconf 77' lang='lat' dir='ltr'><strong>juvenes,</strong></span> <span class='ocrx_word' id='word_1_186' title='bbox 1056 1400 1094 1434; x_wconf 91' lang='lat' dir='ltr'><strong>in</strong></span> <span class='ocrx_word' id='word_1_187' title='bbox 1118 1399 1246 1434; x_wconf 89' lang='lat' dir='ltr'><strong>scholis</strong></span> <span class='ocrx_word' id='word_1_188' title='bbox 1264 1399 1490 1437; x_wconf 83' lang='lat' dir='ltr'><strong>mediocriter</strong></span> <span class='ocrx_word' id='word_1_189' title='bbox 1513 1407 1648 1440; x_wconf 82' lang='lat' dir='ltr'><strong>tantum</strong></span> <span class='ocrx_word' id='word_1_190' title='bbox 1671 1415 1767 1449; x_wconf 88' lang='lat' dir='ltr'><strong>prae-</strong></span> 
     </span>
     <span class='ocr_line' id='line_1_22' title="bbox 286 1459 1768 1506; baseline 0.001 -12"><span class='ocrx_word' id='word_1_191' title='bbox 286 1461 442 1506; x_wconf 86' lang='lat' dir='ltr'><strong>‚‚parati,</strong></span> <span class='ocrx_word' id='word_1_192' title='bbox 466 1461 659 1495; x_wconf 86' lang='lat' dir='ltr'><strong>litterarum</strong></span> <span class='ocrx_word' id='word_1_193' title='bbox 681 1461 905 1505; x_wconf 85' lang='lat' dir='ltr'><strong>antiquarum</strong></span> <span class='ocrx_word' id='word_1_194' title='bbox 924 1459 984 1495; x_wconf 86' lang='lat' dir='ltr'><strong>vix</strong></span> <span class='ocrx_word' id='word_1_195' title='bbox 1000 1459 1182 1494; x_wconf 88' lang='lat' dir='ltr'><strong>elementis</strong></span> <span class='ocrx_word' id='word_1_196' title='bbox 1198 1459 1342 1501; x_wconf 87' lang='lat' dir='ltr'><strong>imbuti,</strong></span> <span class='ocrx_word' id='word_1_197' title='bbox 1368 1467 1402 1494; x_wconf 84' lang='lat' dir='ltr'><strong>et</strong></span> <span class='ocrx_word' id='word_1_198' title='bbox 1417 1460 1558 1495; x_wconf 77' lang='lat' dir='ltr'><strong>rationis</strong></span> <span class='ocrx_word' id='word_1_199' title='bbox 1579 1463 1768 1500; x_wconf 84' lang='lat' dir='ltr'><strong>academici</strong></span> 
     </span>
    </p>
   </div>
   <div class='ocr_carea' id='block_1_3' title="bbox 285 1520 1826 1575">
    <p class='ocr_par' dir='ltr' id='par_1_4' title="bbox 285 1520 1826 1575">
     <span class='ocr_line' id='line_1_23' title="bbox 285 1520 1826 1575; baseline 0.001 -19"><span class='ocrx_word' id='word_1_200' title='bbox 285 1522 417 1566; x_wconf 86' lang='lat' dir='ltr'><strong>„studii</strong></span> <span class='ocrx_word' id='word_1_201' title='bbox 451 1533 596 1569; x_wconf 86' lang='lat' dir='ltr'><strong>prorsus</strong></span> <span class='ocrx_word' id='word_1_202' title='bbox 627 1520 769 1567; x_wconf 84' lang='lat' dir='ltr'><strong>ignari.”</strong></span> <span class='ocrx_word' id='word_1_203' title='bbox 823 1522 870 1556; x_wconf 84' lang='lat' dir='ltr'><strong>Et</strong></span> <span class='ocrx_word' id='word_1_204' title='bbox 898 1522 1005 1567; x_wconf 92' lang='lat' dir='ltr'><strong>paulo</strong></span> <span class='ocrx_word' id='word_1_205' title='bbox 1034 1526 1134 1566; x_wconf 85' lang='lat' dir='ltr'><strong>post:</strong></span> <span class='ocrx_word' id='word_1_206' title='bbox 1169 1521 1267 1564; x_wconf 86' lang='lat' dir='ltr'><strong>„Ego</strong></span> <span class='ocrx_word' id='word_1_207' title='bbox 1296 1521 1426 1558; x_wconf 80' lang='lat' dir='ltr'><strong>litteras</strong></span> <span class='ocrx_word' id='word_1_208' title='bbox 1450 1521 1617 1568; x_wconf 83' lang='lat' dir='ltr'><strong>antiquas</strong></span> <span class='ocrx_word' id='word_1_209' title='bbox 1642 1523 1767 1568; x_wconf 87' lang='lat' dir='ltr'><strong>quanti</strong></span> <span class='ocrx_word' id='word_1_210' title='bbox 1823 1573 1826 1575; x_wconf 15' lang='grc' dir='ltr'><strong>η</strong></span> 
     </span>
    </p>
   </div>
   <div class='ocr_carea' id='block_1_4' title="bbox 285 1579 1768 1933">
    <p class='ocr_par' dir='ltr' id='par_1_5' title="bbox 285 1579 1768 1933">
     <span class='ocr_line' id='line_1_24' title="bbox 286 1579 1768 1627; baseline 0.001 -10"><span class='ocrx_word' id='word_1_211' title='bbox 286 1590 518 1625; x_wconf 87' lang='lat' dir='ltr'><strong>„aestumem,</strong></span> <span class='ocrx_word' id='word_1_212' title='bbox 543 1594 619 1616; x_wconf 87' lang='lat' dir='ltr'><strong>non</strong></span> <span class='ocrx_word' id='word_1_213' title='bbox 646 1594 734 1627; x_wconf 88' lang='lat' dir='ltr'><strong>opus</strong></span> <span class='ocrx_word' id='word_1_214' title='bbox 760 1588 828 1624; x_wconf 83' lang='lat' dir='ltr'><strong>est,</strong></span> <span class='ocrx_word' id='word_1_215' title='bbox 853 1589 891 1617; x_wconf 90' lang='lat' dir='ltr'><strong>ut</strong></span> <span class='ocrx_word' id='word_1_216' title='bbox 916 1581 1033 1615; x_wconf 89' lang='lat' dir='ltr'><strong>multis</strong></span> <span class='ocrx_word' id='word_1_217' title='bbox 1057 1581 1173 1616; x_wconf 82' lang='lat' dir='ltr'><strong>verbis</strong></span> <span class='ocrx_word' id='word_1_218' title='bbox 1195 1579 1384 1623; x_wconf 67' lang='lat' dir='ltr'><strong>affirmem</strong></span> <span class='ocrx_word' id='word_1_219' title='bbox 1409 1582 1482 1617; x_wconf 87' lang='lat' dir='ltr'><strong>imo</strong></span> <span class='ocrx_word' id='word_1_220' title='bbox 1507 1589 1572 1617; x_wconf 78' lang='lat' dir='ltr'><strong>stat</strong></span> <span class='ocrx_word' id='word_1_221' title='bbox 1586 1583 1674 1617; x_wconf 85' lang='lat' dir='ltr'><strong>mihi</strong></span> <span class='ocrx_word' id='word_1_222' title='bbox 1690 1595 1768 1622; x_wconf 83' lang='lat' dir='ltr'><strong>sen-</strong></span> 
     </span>
     <span class='ocr_line' id='line_1_25' title="bbox 286 1641 1767 1688; baseline 0.002 -11"><span class='ocrx_word' id='word_1_223' title='bbox 286 1643 437 1686; x_wconf 87' lang='lat' dir='ltr'><strong>„tentia,</strong></span> <span class='ocrx_word' id='word_1_224' title='bbox 473 1655 553 1677; x_wconf 91' lang='lat' dir='ltr'><strong>cum</strong></span> <span class='ocrx_word' id='word_1_225' title='bbox 585 1641 775 1677; x_wconf 87' lang='lat' dir='ltr'><strong>litterarum</strong></span> <span class='ocrx_word' id='word_1_226' title='bbox 799 1641 1066 1685; x_wconf 87' lang='lat' dir='ltr'><strong>humaniorum,</strong></span> <span class='ocrx_word' id='word_1_227' title='bbox 1100 1641 1260 1688; x_wconf 88' lang='lat' dir='ltr'><strong>inprimis</strong></span> <span class='ocrx_word' id='word_1_228' title='bbox 1284 1642 1428 1687; x_wconf 86' lang='lat' dir='ltr'><strong>linguae</strong></span> <span class='ocrx_word' id='word_1_229' title='bbox 1453 1643 1609 1679; x_wconf 84' lang='lat' dir='ltr'><strong>Graecae</strong></span> <span class='ocrx_word' id='word_1_230' title='bbox 1633 1657 1683 1680; x_wconf 87' lang='lat' dir='ltr'><strong>ac·</strong></span> <span class='ocrx_word' id='word_1_231' title='bbox 1697 1645 1767 1679; x_wconf 86' lang='lat' dir='ltr'><strong>Ro-</strong></span> 
     </span>
     <span class='ocr_line' id='line_1_26' title="bbox 287 1693 1767 1745; baseline 0.003 -9"><span class='ocrx_word' id='word_1_232' title='bbox 287 1714 455 1745; x_wconf 86' lang='lat' dir='ltr'><strong>„manae,</strong></span> <span class='ocrx_word' id='word_1_233' title='bbox 484 1704 601 1737; x_wconf 87' lang='lat' dir='ltr'><strong>studio</strong></span> <span class='ocrx_word' id='word_1_234' title='bbox 635 1715 777 1738; x_wconf 89' lang='lat' dir='ltr'><strong>omnem</strong></span> <span class='ocrx_word' id='word_1_235' title='bbox 812 1704 1048 1738; x_wconf 86' lang='lat' dir='ltr'><strong>eruditionem</strong></span> <span class='ocrx_word' id='word_1_236' title='bbox 1071 1715 1191 1737; x_wconf 86' lang='lat' dir='ltr'><strong>veram</strong></span> <span class='ocrx_word' id='word_1_237' title='bbox 1216 1703 1322 1737; x_wconf 88' lang='lat' dir='ltr'><strong>simul</strong></span> <span class='ocrx_word' id='word_1_238' title='bbox 1360 1693 1592 1739; x_wconf 79' lang='lat' dir='ltr'><strong>miserandam</strong></span> <span class='ocrx_word' id='word_1_239' title='bbox 1626 1706 1767 1740; x_wconf 83' lang='lat' dir='ltr'><strong>ruinam</strong></span> 
     </span>
     <span class='ocr_line' id='line_1_27' title="bbox 287 1762 1764 1810; baseline 0.002 -15"><span class='ocrx_word' id='word_1_240' title='bbox 287 1762 495 1804; x_wconf 80' lang='lat' dir='ltr'><strong>‚‚facturam,</strong></span> <span class='ocrx_word' id='word_1_241' title='bbox 520 1774 638 1808; x_wconf 86' lang='lat' dir='ltr'><strong>neque</strong></span> <span class='ocrx_word' id='word_1_242' title='bbox 663 1763 891 1809; x_wconf 82' lang='lat' dir='ltr'><strong>perniciosius</strong></span> <span class='ocrx_word' id='word_1_243' title='bbox 914 1763 1110 1808; x_wconf 87' lang='lat' dir='ltr'><strong>quidquam</strong></span> <span class='ocrx_word' id='word_1_244' title='bbox 1133 1773 1230 1804; x_wconf 84' lang='lat' dir='ltr'><strong>esse,</strong></span> <span class='ocrx_word' id='word_1_245' title='bbox 1255 1774 1360 1808; x_wconf 88' lang='lat' dir='ltr'><strong>quam</strong></span> <span class='ocrx_word' id='word_1_246' title='bbox 1387 1764 1484 1808; x_wconf 87' lang='lat' dir='ltr'><strong>quod</strong></span> <span class='ocrx_word' id='word_1_247' title='bbox 1506 1765 1545 1798; x_wconf 89' lang='lat' dir='ltr'><strong>in</strong></span> <span class='ocrx_word' id='word_1_248' title='bbox 1576 1764 1764 1810; x_wconf 83' lang='lat' dir='ltr'><strong>gymnasiis</strong></span> 
     </span>
     <span class='ocr_line' id='line_1_28' title="bbox 288 1822 1764 1872; baseline 0.002 -14"><span class='ocrx_word' id='word_1_249' title='bbox 288 1823 425 1865; x_wconf 88' lang='lat' dir='ltr'><strong>„multis</strong></span> <span class='ocrx_word' id='word_1_250' title='bbox 462 1830 521 1859; x_wconf 88' lang='lat' dir='ltr'><strong>aut</strong></span> <span class='ocrx_word' id='word_1_251' title='bbox 559 1837 700 1872; x_wconf 86' lang='lat' dir='ltr'><strong>prorsus</strong></span> <span class='ocrx_word' id='word_1_252' title='bbox 734 1824 956 1871; x_wconf 85' lang='lat' dir='ltr'><strong>negligantur</strong></span> <span class='ocrx_word' id='word_1_253' title='bbox 990 1824 1072 1860; x_wconf 86' lang='lat' dir='ltr'><strong>illae</strong></span> <span class='ocrx_word' id='word_1_254' title='bbox 1107 1824 1287 1870; x_wconf 62' lang='lat' dir='ltr'><strong>litterae„</strong></span> <span class='ocrx_word' id='word_1_255' title='bbox 1304 1830 1366 1859; x_wconf 85' lang='lat' dir='ltr'><strong>aut</strong></span> <span class='ocrx_word' id='word_1_256' title='bbox 1393 1822 1519 1872; x_wconf 88' lang='lat' dir='ltr'><strong>jejune</strong></span> <span class='ocrx_word' id='word_1_257' title='bbox 1559 1830 1593 1860; x_wconf 86' lang='lat' dir='ltr'><strong>et</strong></span> <span class='ocrx_word' id='word_1_258' title='bbox 1628 1825 1764 1861; x_wconf 87' lang='lat' dir='ltr'><strong>sinistre</strong></span> 
     </span>
     <span class='ocr_line' id='line_1_29' title="bbox 285 1884 1765 1933; baseline 0.003 -15"><span class='ocrx_word' id='word_1_259' title='bbox 285 1890 511 1928; x_wconf 82' lang='lat' dir='ltr'><strong>„tractentur,</strong></span> <span class='ocrx_word' id='word_1_260' title='bbox 536 1887 624 1921; x_wconf 88' lang='lat' dir='ltr'><strong>adeo</strong></span> <span class='ocrx_word' id='word_1_261' title='bbox 646 1892 684 1920; x_wconf 90' lang='lat' dir='ltr'><strong>ut</strong></span> <span class='ocrx_word' id='word_1_262' title='bbox 701 1884 853 1933; x_wconf 80' lang='lat' dir='ltr'><strong>juvenes</strong></span> <span class='ocrx_word' id='word_1_263' title='bbox 878 1887 1002 1923; x_wconf 85' lang='lat' dir='ltr'><strong>crebro</strong></span> <span class='ocrx_word' id='word_1_264' title='bbox 1026 1886 1072 1920; x_wconf 88' lang='lat' dir='ltr'><strong>ad</strong></span> <span class='ocrx_word' id='word_1_265' title='bbox 1094 1897 1161 1920; x_wconf 85' lang='lat' dir='ltr'><strong>nos</strong></span> <span class='ocrx_word' id='word_1_266' title='bbox 1178 1886 1336 1929; x_wconf 84' lang='lat' dir='ltr'><strong>veniant,</strong></span> <span class='ocrx_word' id='word_1_267' title='bbox 1361 1886 1500 1923; x_wconf 83' lang='lat' dir='ltr'><strong>illarum</strong></span> <span class='ocrx_word' id='word_1_268' title='bbox 1515 1888 1635 1931; x_wconf 83' lang='lat' dir='ltr'><strong>rudes,</strong></span> <span class='ocrx_word' id='word_1_269' title='bbox 1660 1894 1765 1933; x_wconf 72' lang='lat' dir='ltr'><strong>atque</strong></span> 
     </span>
    </p>
   </div>
   <div class='ocr_carea' id='block_1_5' title="bbox 362 2016 1108 2060">
    <p class='ocr_par' dir='ltr' id='par_1_6' title="bbox 362 2016 1108 2060">
     <span class='ocr_line' id='line_1_30' title="bbox 362 2016 1108 2060; baseline 0.011 -16"><span class='ocrx_word' id='word_1_270' title='bbox 362 2018 396 2054; x_wconf 67' lang='grc' dir='ltr'><strong>Ο)</strong></span> <span class='ocrx_word' id='word_1_271' title='bbox 419 2016 545 2056; x_wconf 83' lang='lat' dir='ltr'><strong>Lipsiae</strong></span> <span class='ocrx_word' id='word_1_272' title='bbox 567 2021 650 2048; x_wconf 71' lang='lat'><strong>180³.</strong></span> <span class='ocrx_word' id='word_1_273' title='bbox 670 2019 835 2050; x_wconf 81' lang='lat' dir='ltr'><strong>Hinrichs.</strong></span> <span class='ocrx_word' id='word_1_274' title='bbox 856 2021 903 2050; x_wconf 84' lang='lat'><strong>60.</strong></span> <span class='ocrx_word' id='word_1_275' title='bbox 924 2029 997 2060; x_wconf 72' lang='lat' dir='ltr'><strong>pag·-</strong></span> <span class='ocrx_word' id='word_1_276' title='bbox 1017 2023 1045 2051; x_wconf 81' lang='lat'><strong>8·</strong></span> <span class='ocrx_word' id='word_1_277' title='bbox 1065 2028 1108 2047; x_wconf 69' lang='lat'><strong>1³-</strong></span> 
     </span>
    </p>
   </div>
   <div class='ocr_carea' id='block_1_6' title="bbox 1426 2464 1995 2496">
    <p class='ocr_par' dir='ltr' id='par_1_7' title="bbox 1426 2464 1995 2496">
     <span class='ocr_line' id='line_1_31' title="bbox 1426 2464 1995 2496; baseline 0 0"><span class='ocrx_word' id='word_1_278' title='bbox 1426 2464 1995 2496; x_wconf 95' lang='lat' dir='ltr'><strong> </strong></span> 
     </span>
    </p>
   </div>
  </div>
 </body>
</html>
