1995 2496
1583 148 1629 179 21

174 222 339 257 lensium'
357 220 576 268 professos-1³,
599 221 829 269 inscriptum!
857 219 1056 255 fluitatio·
1075 220 1125 254 ad
1155 218 1357 253 doctr-inam
1392 210 1633 253 Christianam

174 281 367 317 liberaliter
394 282 610 327 discendam,
640 281 850 318 audiwr'mm
871 272 958 314 'usui‘
973 279 1148 315 destinata
1171 280 1314 323 (Halae
1338 279 1502 323 Magdeb.
1526 279 1635 313 Hem-

172 343 293 378 merde
319 354 412 387 1774.
436 344 467 377 8.
492 344 562 386 ιιι.)
595 346 916 385 carbone-notare,
946 344 1044 378 velut
1072 354 1161 388 opus
1184 342 1231 375 ad
1253 340 1481 376 evertendam
1503 336 1635 374 Christi

171 403 375 448 'religionem
401 404 500 438 malis
523 404 646 439 avibus
669 404 708 437 in
732 404 849 436 lucem
867 407 1085 448 'proti-usum,
1140 403 1282 448 Quanta
1313 401 1344 435 S
1349 410 1411 434 em
1421 401 1488 433 let*
1496 411 1543 432 us
1572 399 1634 434 ira-

171 463 297 498 cundia
320 469 503 510 propterea
526 463 801 506 exarserit3·‹1*iei
823 463 1024 511 vix²potest
1075 460 1188 509 ‘Atqui
1210 457 1633 503 non-aliter‘senfiebant,

168 523 445 570 et--judicahant
459 526 515 558 *de
550 525 678 558 eodeni
711 521 807 563 δέηὶ
817 524 915 559 leri?
939 531 1038 571 partu
1075 535 1120 560 ex
1155 524 1421 559 Protestantibus
1456 516 1632 568 theologia

170 594 314 623 omnes,
341 583 471 628 quibus
492 584 604 619 ¹cordi
627 590 700 619 erat
723 585 852 630 religio·
872 584 1084 627 Christiana,
1113 595 1230 629 neque
1253 584 1385 617 libebat
1407 584 1451 617 ad
1473 582 1631 617 Socinioe·

170 655 298 677 norum
322 648 381 678 aut
402 643 607 678 Deist'arum
631 651 740 680 castra
762 644 916 681 transire.
963 645 1008 679 Et
1029 644 1097 692 ipsi
1118 643 1353 686 affirmabant,
1387 657 1406 678 a
1430 644 1458 677 S
1465 643 1574 677 emlc
1582 654 1631 676 ro

169 703 304 738 bellum
333 702 441 738 indici
474 705 640 740 universo
677 705 960 749 christianismo,
990 707 1198 751 nullamque
1229 713 1304 741 esse
1337 705 1527 740 doctrinam
1559 710 1631 738 tam

168 770 340 807 sanctam,
372 771 514 811 tamque
536 765 688 811 firmam,
719 772 823 813 quam
846 761 1134 811 ψωὲοδιδόεσκαλις
1157 759 1320 801 Haleusis
1342 763 1632 799 laxatis‘habenic
1676 808 1682 810 „

159 822 308 868 >aggredi
332 826 563 868 licentiosius,
596 834 656 861 aut
675 828 876 862 convellere
896 815 983 860 ‘non‘
1001 827 1226 861 machinetur.
1292 828 1519 871 Quamquam
1541 837 1630 860 vero

168 885 394 919 Semlerus
418 885 521 919 etiam
545 886 609 919 hos
630 896 717 920 suae
736 884 964 920 confessionis
990 885 1133 918 asseclas
1166 885 1388 929 impudenter
1419 885 1499 918 satis
1528 886 1634 918 laces-

168 944 317 985 sivisset,
340 945 568 980 furiosissime
591 952 709 981 tamen
732 945 851 988 irruit,
878 956 1056 990 omneque
1082 945 1274 979 acerbitatis
1298 944 1395 980 virus
1419 944 1577 980 evomuit
1592 943 1631 978 in

168 1004 462 1050 Kliipselium
492 1011 668 1048 nostrum,
703 1005 915 1050 argumentis
947 1016 1023 1038 non
1055 1010 1281 1048 argumenta,
1315 1006 1378 1039 sed
1402 1028 1446 1034 —
1469 1005 1522 1038 uti
1554 1016 1630 1038 mos

168 1064 232 1099 sert
254 1076 393 1107 eorum,
426 1066 487 1110 qui
510 1065 701 1100 rationibus
727 1065 880 1100 destituti
901 1071 983 1100 sunt
1002 1075 1057 1092 ·—
1085 1065 1294 1106 calumnias,
1327 1064 1486 1100 convicia
1511 1070 1544 1099 et
1567 1064 1631 1098 cri·

169 1125 375 1159 minationes
400 1136 605 1171 opponens,
630 1128 749 1172 quales
771 1127 831 1161 vel
854 1114 892 1160 in
913 1125 1039 1159 scurris
1064 1130 1098 1159 et
1122 1125 1331 1169 agasonibus
1356 1124 1516 1159 detestari
1539 1125 1629 1158 sole-

166 1197 262 1227 mus;
297 1193 378 1218 usus
402 1193 597 1230 ‚praeterea
619 1197 782 1219 sermone
812 1187 1018 1227 vernaculo,
1056 1192 1095 1219 ut
1118 1198 1193 1220 non
1217 1187 1333 1220 solum
1357 1185 1531 1227 litteratis,
1569 1184 1631 1219 sed

166 1240 266 1280 etiam
305 1244 519 1279 multitudini
553 1246 771 1291 promiscuae
812 1247 926 1292 palam
964 1246 1109 1289 faceret,
1154 1259 1227 1292 quo
1261 1247 1383 1292 spiritu
1419 1251 1557 1291 agatur,
1597 1252 1633 1280 et

169 1318 272 1349 quam
296 1305 477 1349 insigniter
499 1307 619 1340 calleat
643 1307 874 1341 maledicendi
896 1313 1013 1341 artem.
1052 1310 1104 1341 vIs
1127 1307 1225 1341 furor
1250 1319 1331 1342 eum
1356 1306 1481 1341 invasit
1503 1308 1631 1352 procul

169 1365 298 1407 dubio,
334 1366 432 1411 quod
462 1383 511 1390 ·-—
547 1366 609 1410 qui
639 1365 727 1400 torte
756 1371 907 1412 putarat,
945 1366 1108 1411 Friburgi
1132 1379 1205 1401 non
1230 1378 1321 1409 esse,
1354 1367 1423 1400 nisi
1447 1366 1572 1411 fungos
1596 1370 1632 1400 el:

167 1426 315 1472 stipites,
339 1433 398 1460 aut
422 1427 582 1461 homines
607 1427 787 1470 barbaros,
811 1427 874 1472 qui
897 1433 956 1462 aut
978 1439 1053 1462 non
1076 1434 1250 1470 curarent,
1276 1427 1362 1473 quid
1379 1426 1470 1461 'alibi
1485 1432 1632 1472 geratur,

168 1494 228 1521 aut
250 1489 354 1532 plane
377 1487 565 1529 nescirent,
591 1488 677 1532 quid
701 1488 827 1521 distent
851 1499 929 1522 aera
953 1488 1085 1532 lupinis
1110 1510 1151 1516 —
1177 1487 1252 1533 jam
1277 1488 1504 1532 intelligeret,
1537 1487 1632 1532 ipsos

167 1558 325 1581 censores
348 1559 392 1581 ex
415 1553 515 1582 coetu
543 1547 809 1582 Protestantium
832 1546 1057 1590 (Jenensem,
1082 1547 1341 1590 cassellanum,
1370 1547 1630 1590 Biizoviensem,

167 1605 245 1643 cet.)
270 1607 326 1641 vel
350 1617 561 1653 magnopere
586 1607 743 1641 laudasse
759 1613 794 1641 et
809 1607 1073 1642 commendasse
1092 1610 1255 1644 catholici
1271 1609 1434 1643 Doctoris
1445 1607 1629 1655 judicium,

166 1668 224 1703 vel
248 1666 287 1701 in
310 1666 454 1713 patriam
477 1667 566 1701 adeo
590 1666 972 1711 linguam'trauslatum
1003 1668 1075 1701 suis
1106 1670 1389 1715 ephemeridibus
1421 1669 1629 1717 adjunxisse.

168 1727 268 1775 Quid
299 1739 384 1763 vero
415 1727 460 1762 ad
491 1727 577 1763 haec
608 1727 907 1773 Kflliipfelius?
942 1728 1041 1762 Nihil
1076 1729 1137 1764 ille
1170 1737 1367 1765 commotus
1400 1742 1518 1776 neque
1547 1732 1631 1765 hinc

166 1788 487 1830 obtrectationibus,
525 1799 646 1833 neque
677 1789 774 1823 illine
804 1788 1084 1839 assensionibus}
1120 1802 1196 1824 non
1231 1791 1298 1825 nisi
1331 1803 1430 1826 veras
1464 1798 1496 1825 et
1532 1793 1631 1826 lenes

168 1851 323 1895 querelas
367 1851 524 1897 reposuit
566 1851 740 1886 atrocibus
782 1849 936 1898 injuriis,
979 1855 1097 1896 atque<
1117 1855 1157 1883 ut
1185 1856 1344 1896 pergeret
1362 1851 1477 1894 viam,
1523 1851 1638 1898 quam>

166 1910 349 1955 ingressus·
364 1918 455 1955 erat,
482 1910 640 1947 animum
661 1910 817 1955 induxit,
847 1911 1009 1959 epistolas
1033 1911 1079 1945 ad
1100 1911 1347 1945 semlerum
1369 1912 1467 1954 dare,
1500 1919 1535 1947 et
1558 1914 1633 1948 bib·

167 1972 339 2007 liothecae
361 1985 445 2008 suae
467 1973 638 2016 inserere,
672 1973 861 2018 quibus-et
883 1972 1096 2021 perniciosos
1127 1971 1194 2008 viri
1221 1984 1373 2008 errores*
1392 1974 1567 2018 refellere,
1600 1982 1633 2009 et
