1995 2496
1723 186 1745 222 7

275 244 333 289 „in
363 247 541 282 academia
572 246 702 283 discere
735 247 903 293 debeant,
934 260 1024 295 quae
1053 246 1188 283 dudum
1213 247 1252 282 in
1284 245 1413 282 scholis
1447 246 1578 282 discere
1607 248 1745 285 debuis-

273 314 378 351 ,‚sent.
425 309 521 344 Re1.”

366 371 465 406 Nihil
488 378 560 408 erat
583 372 705 419 igitur,
732 383 839 420 quare
863 372 962 414 mihi,
990 380 1069 409 ante
1090 375 1159 409 hoc
1183 372 1370 409 biennium
1394 371 1449 409 his
1474 374 1579 419 plane
1602 372 1744 418 gemina

274 436 577 478 commemoranti‚
601 440 844 471 succenserent
868 445 942 468 non
965 435 1073 478 nulli,
1098 429 1328 479 mecumque,
1353 442 1521 479 tanquam
1545 434 1671 479 iniquo
1690 432 1747 479 ju·

276 492 370 538 ἆὶῶ,
406 499 687 542 expostularent3
724 495 822 541 quasi
848 505 953 537 vero,
984 496 1049 541 'qui
1073 507 1185 529 unum
1209 496 1347 538 laudat,
1382 497 1453 531 hoc·
1476 494 1556 542 ipso
1578 493 1745 529 laudibus

277 562 471 591 ceterorum
498 560 659 593 omnium
684 555 883 600 detrahere,
920 557 1139 602 omninoque
1163 557 1205 590 iis
1231 555 1391 603 injuriam
1415 559 1526 593 facere
1549 559 1642 593 velle
1665 569 1746 593 cen·

272 616 401 650 sendus
424 617 478 651 sit.
527 618 668 664 Operae
693 624 767 653 tum
792 618 942 665 pretium
965 617 1053 651 mihi
1084 617 1179 651 haud
1201 617 1409 660 videbatur,
1443 618 1654 663 respondere
1675 617 1741 666 his,

269 676 332 722 qui
365 688 431 714 nec
461 680 632 715 nominati
655 693 675 715 a
711 691 786 723 me,
818 691 884 715 nec
907 677 1106 726 provocati,
1135 685 1169 714 et
1192 678 1319 713 Latine
1344 677 1555 713 scribentem
1576 688 1740 713 sermone

269 741 432 786 populari
456 741 657 788 carpebant;
681 751 799 787 neque
822 752 1054 786 responsurus
1079 750 1192 782 eram,
1215 740 1245 774 si
1262 739 1350 782 alia,
1368 739 1505 782 nescio,
1529 749 1619 784 quae
1636 738 1743 784 scrip·

268 801 425 837 tiuncula
449 801 486 836 in
511 812 688 844 me'cusa,
711 803 775 837 sed
798 814 871 836 non
895 801 1038 844 excusa,
1064 802 1207 837 vidisset
1229 803 1363 844 lucem3
1389 812 1508 846 neque
1528 812 1626 834 nunc
1641 799 1744 846 quid-

270 872 375 908 quam
398 864 554 904 referam,
579 863 608 896 si
630 863 688 897 cui
711 863 802 897 forte
826 863 941 896 dicam
970 863 1059 896 mihi
1078 863 1272 908 impingere
1295 862 1446 902 libuerit,
1469 861 1531 906 qui
1555 862 1742 906 nunquam

270 917 409 957 sinistra
431 922 583 957 aliorum
617 922 661 957 de
694 933 751 957 me
781 920 937 970 J'udicia,
972 927 1155 967 nunquam
1179 933 1339 956 rumores
1364 921 1492 968 populi
1513 922 1617 956 valde
1639 920 1745 955 refor-

271 982 421 1026 midavi,
453 983 516 1018 ubi
538 984 687 1019 dicenda
710 989 827 1027 erant,
858 993 949 1029 quae
971 982 1112 1019 veritati
1136 989 1172 1017 et
1195 982 1391 1018 rationibus
1415 981 1566 1028 publicis
1582 981 1742 1016 'maxime

268 1043 433 1089 putabam
458 1041 662 1079 convenire.'
702 1044 770 1079 Sed
792 1045 879 1079 haec
900 1056 928 1077 ιν
951 1041 1086 1089 taedai.
1133 1044 1331 1078 Redeamus
1355 1044 1394 1078 in
1417 1044 1522 1078 viam.

373 1105 465 1140 Mihi
500 1104 644 1151 quidem
678 1104 978 1151 persuasissimum
1014 1110 1088 1147 est,
1131 1115 1176 1139 ex
1208 1106 1371 1149 neglectu
1409 1104 1556 1139 Latinae
1595 1104 1739 1148 linguae

268 1166 417 1212 plurima
442 1166 714 1212 gravissimaque
736 1178 817 1201 cum
839 1165 985 1210 singulis
1012 1162 1224 1211 disciplinis,
1245 1171 1319 1199 tum
1341 1164 1738 1201 universo‘eruditionis

269 1227 518 1270 doctrinaeque
549 1226 669 1269 generi
698 1226 904 1261 detrimenta
935 1226 1123 1271 importari.
1183 1228 1302 1274 Atque
1332 1227 1391 1262 hic
1422 1238 1566 1273 campus
1591 1236 1629 1261 se
1652 1223 1742 1259 mihi

267 1284 378 1330 aperit
400 1285 564 1319 latissime
587 1280 728 1331 patens,
761 1285 798 1320 in
821 1298 893 1331 quo
919 1297 1101 1321 excurrere
1125 1280 1285 1332 longius,
1319 1288 1454 1332 diuque
1482 1287 1600 1330 vagari
1626 1287 1739 1321 liceat.

270 1346 446 1393 Principio
471 1347 565 1382 enim
592 1347 661 1381 hoc
684 1346 799 1393 ipsum
824 1348 860 1382 in
892 1347 1180 1394 disceptationem
1213 1348 1332 1391 venit,
1367 1354 1505 1390 utrum,
1542 1346 1641 1393 quod
1673 1357 1739 1380 nos

269 1408 305 1442 in
337 1408 437 1442 malis
470 1420 716 1450 numeramus,
749 1419 870 1453 reapse
900 1410 1035 1442 malum
1067 1409 1129 1451 sit,
1166 1415 1201 1443 et
1231 1415 1422 1455 quatenus3
1458 1409 1632 1453 siquidem
1664 1420 1740 1441 non

268 1470 410 1513 desunt,
435 1470 496 1517 qui
519 1470 556 1505 in
580 1481 643 1513 eo,
668 1470 791 1517 qualis‘
807 1483 903 1506 nunc
928 1476 994 1514 est,
1017 1476 1136 1505 rerum
1160 1476 1249 1505 statu
1263 1496 1272 1513 ,
1307 1476 1341 1505 et
1366 1469 1404 1505 in
1427 1470 1496 1504 hoc
1519 1467 1741 1521 scientiarum

269 1532 428 1566 omnium
454 1521 597 1567 scilicet*
614 1534 803 1577 splendore
836 1539 871 1565 et
901 1532 1030 1575 gloria,
1065 1533 1336 1575 linguarumque
1367 1537 1441 1565 tum
1475 1530 1629 1576 patriae,
1664 1535 1740 1563 tum

269 1596 460 1625 exterarum
484 1591 606 1624 habitu
630 1591 811 1635 formaque
835 1591 914 1624 satis
939 1592 1075 1636 espleta
1100 1596 1134 1625 et
1157 1590 1350 1636 perpolita,
1381 1590 1544 1625 ‘Romani‘
1566 1589 1738 1624 sermonis

269 1664 332 1685 usu
357 1657 391 1686 et
414 1652 533 1697 peritia
558 1664 623 1686 nos
646 1651 746 1686 facile
777 1662 893 1686 carere
924 1662 1026 1696 posse
1055 1651 1290 1702 contendant,
1327 1652 1546 1697 omninoque
1578 1658 1737 1686 veterum

268 1717 447 1746 auctorum
472 1711 569 1745 libris
593 1711 810 1755 legendis'et
833 1710 1069 1754 intelligendis
1092 1711 1226 1755 absque
1256 1725 1385 1756 magno
1417 1712 1637 1746 scient-iarum
1672 1712 1736 1745 dis-

269 1772 400 1817 pendio
424 1771 602 1807 abstinere.
666 1770 796 1807 Verum
829 1770 1014 1805 absurdam
1046 1771 1137 1807 hanc
1168 1778 1203 1807 et
1238 1771 1419 1818 indignam
1452 1772 1556 1807 docto
1590 1770 1737 1806 homine

262 1833 468 1879 opinionem
486 1833 686 1868 firmissimis
710 1832 901 1868 rationibus
926 1832 1108 1877 refellere,
1132 1833 1346 1880 penitusque
1370 1841 1543 1875 evertere,
1567 1844 1643 1868 non
1671 1833 1737 1868 erit

267 1895 370 1930 valde
407 1894 628 1930 laboriosum.
692 1895 802 1941 Quod
835 1894 916 1935 ubi,
954 1895 1070 1939 quoad
1107 1894 1242 1938 ingenii
1279 1896 1351 1929 mei
1391 1895 1568 1930 facultates
1609 1893 1737 1937 ferunt,

269 1957 461 2004 perfecero,
497 1956 660 2004 deinceps
693 1956 974 2001 investigandum
1010 1956 1092 2000 erit,
1129 1956 1268 1992 cuinam
1304 1956 1526 2004 potissimum
1556 1956 1628 1992 sato
1652 1958 1740 1992 haec

268 2018 458 2053 litterarum
486 2018 656 2053 calamitas
688 2017 871 2052 tribuenda
893 2017 946 2051 sit.
992 2017 1083 2051 Nam
1107 2022 1141 2052 et
1163 2018 1221 2053 hic
1248 2019 1385 2054 variant
1407 2019 1609 2055 sententiae.
1665 2018 1738 2053 Alii
