1995 2496
735 217 873 245 cuns
905 200 1063 244 PATM'A.
1590 213 1642 261 '19

265 295 330 316 zm·
356 282 562 316 aeschichte
583 283 645 316 der
662 270 770 316 stade
793 282 997 331 Narnherg.
1031 281 1078 315 11.
1103 279 1224 324 nand,
1248 282 1350 316 xm.
1376 281 1473 319 Hest.
1507 297 1542 329 p.
1568 286 1644 319 235.

247 330 404 378 *Niirnbss
428 342 521 388 1787.
545 342 595 386 8.,
633 342 840 388 Philipp.
868 342 1096 377 Wilhelm,
1130 340 1330 376 Gercken
1362 342 1400 377 in
1422 343 1542 379 seinen
1566 344 1647 379 Rei-

264 416 334 437 sen.
358 404 405 438 ΙΙ.
415 404 480 438 Th.
496 404 603 447 «1784.
627 405 658 438 8.
698 404 825 449 Neque
850 404 982 447 alienus
1008 404 1052 437 ab
1078 415 1118 438 ea
1142 403 1316 449 opinione
1339 410 1412 439 erat
1431 406 1643 440 Andreas

269 464 329 498 W
331 464 345 498 i
353 464 394 498 ll
402 463 479 499 ius
521 463 748 507 Altorfensis,
788 463 1086 510 quemadmodum
1129 463 1200 498 suis
1239 464 1286 499 ad
1322 475 1405 510 me,
1423 464 1548 502 litteris
1587 468 1645 504 de-

258 526 410 562 claravit.
1541 516 1547 529 Ι

306 587 396 629 Eos,
430 587 493 632 qui
515 587 561 621 ita
584 586 756 628 sentiunt,
789 593 926 631 rogatos
949 586 1070 630 velim,
1101 591 1142 621 ut
1165 586 1369 632 edisserant,
1400 589 1465 624 uhi
1488 589 1574 626 situs
1597 593 1643 628 sit

250 646 472 692 'ille-pagus,
511 658 617 692 quem
641 647 802 681 Protuch
823 648 1015 682 nominant.
1064 647 1206 683 Certum
1230 655 1295 691 est,
1332 662 1445 696 prope
1470 652 1641 697 Suinfur-

257 713 342 740 -tum
376 707 422 741 ad
460 708 635 742 Moenum
674 711 843 754 (possum
880 718 1097 744 asseverare:
1137 708 1175 743 in
1209 709 1370 744 universa
1408 710 1639 758 Franconia)

262 768 424 815 nuspiam
454 769 605 805 inveniri
634 769 752 805 vicum
782 776 841 804 aut
872 782 1021 816 pagum,
1062 769 1123 816 qui
1153 782 1197 805 eo
1227 770 1372 806 nomine
1395 775 1638 819 compelletur.

262 830 388 875 Neque
412 836 463 865 est
486 832 744 865 assentiendum
767 831 869 864 Klei
876 832 896 864 b
907 838 1020 873 erto,
1057 831 1226 874 interiisse
1249 844 1378 876 pagum
1403 833 1489 867 belli
1513 836 1640 868 Alber-

265 889 333 922 tini
363 890 538 931 cladibus,
568 892 640 931 {vel
664 896 812 924 mutasse
846 902 987 924 nomen.
1036 890 1263 934 Perspicuum
1294 902 1377 924 sane
1410 897 1483 934 est,
1521 899 1561 927 ut
1595 905 1639 928 ex

264 949 426 995 epistola·
446 948 654 983 conradi
692 949 905 990 Wiland,
940 948 1078 992 nepotis
1103 958 1147 982 ex
1169 959 1289 983 sorore
1316 950 1475 993 Celtis,
1511 954 1636 996 elucet,

264 1021 358 1043 anno
386 1020 499 1054 1499„
540 1020 613 1054 quo
639 1009 783 1053 epistola
809 1012 943 1041 exarata
966 1013 1034 1048 est,
1074 1007 1220 1039 Celtis
1237 1009 1399 1052 ,patriam
1433 1011 1547 1046 adhuc
1578 1019 1640 1047 ste-

266 1069 356 1105 tisse.
402 1070 453 1104 Ea
489 1069 633 1115 quidem
671 1070 715 1103 de
751 1068 915 1114 epistola,
955 1065 1054 1112 cujus
1085 1067 1328 1111 apographum
1364 1080 1481 1103 coram
1516 1072 1641 1117 habeo,

265 1131 408 1166 inferius
433 1131 559 1166 redibit
581 1143 705 1165 serm0.
754 1130 853 1175 Quo,
884 1139 1032 1172 quaes0,
1067 1132 1168 1173 pacto
1192 1125 1269 1160 fieri
1291 1129 1448 1173 potuisse
1469 1132 1642 1167 existima-

263 1205 363 1235 mus,
400 1198 440 1226 ut
472 1193 555 1226 inde
589 1192 633 1226 ab
664 1193 733 1225 hoc
757 1192 923 1237 temporis
946 1192 1046 1235 lapsu
1071 1189 1199 1235 periret
1222 1202 1330 1235 pagus
1345 1215 1355 1233 ,
1393 1192 1451 1226 cui
1475 1193 1513 1228 in
1537 1196 1640 1230 sacris

260 1254 432 1298 parochus
456 1258 630 1298 praeerat,-
654 1252 737 1285 situs
762 1252 806 1285 ad
832 1251 966 1285 celebre
989 1250 1137 1291 flumen,
1162 1255 1196 1283 et
1219 1252 1353 1285 cultura
1378 1252 1565 1288 vinearum
1590 1255 1644 1290 in·

264 1313 389 1359 signis,
412 1319 517 1359 atque
543 1312 587 1347 ita
611 1311 780 1353 interiret,
805 1316 844 1344 ut
864 1322 928 1345 nec
953 1312 1052 1352 vola,
1075 1320 1142 1345 nec
1157 1311 1363 1355 vestigium,
1387 1324 1428 1346 ac
1443 1324 1490 1347 ne
1506 1326 1640 1350 nomen

265 1374 407 1419 quidem
442 1371 719 1418 relinqueretur?
766 1372 935 1406 Sciscitari
968 1372 1085 1413 lubet,
1122 1385 1167 1406 an
1199 1372 1236 1405 in
1267 1372 1417 1417 antiquis
1447 1374 1644 1409 choro-aut

264 1435 504 1481 geographicis
537 1434 679 1476 tabulis,
720 1434 756 1467 in
780 1438 897 1466 vetere
922 1433 1074 1477 quodam
1099 1431 1325 1464 Francorum
1348 1432 1439 1466 libro
1463 1433 1641 1477 chronico,

264 1496 303 1531 in
329 1496 501 1530 tabulario
526 1494 670 1541 publico
694 1492 957 1539 Suinsurtcnsis
980 1492 1147 1535 civitatis,
1171 1498 1230 1526 aut
1253 1493 1290 1527 in
1314 1492 1422 1527 vicini
1445 1496 1645 1530 monasterii

262 1556 574 1604 qudenfeldensis
598 1554 720 1588 forulis
744 1553 873 1587 alicubi
898 1559 1054 1586 occurrat
1076 1563 1209 1586 nomen
1234 1552 1427 1593 Procuch:
1441 1553 1503 1586 ubi
1526 1565 1642 1589 sermo

261 1623 311 1651 est
333 1618 376 1650 de
395 1615 475 1661 jure
500 1619 721 1659 patronatus,
761 1612 805 1645 de
821 1610 993 1651 decimis,
1032 1610 1210 1652 censibus,
1245 1611 1422 1644 laudemio
1457 1612 1642 1649 tributisve

264 1677 302 1711 id
324 1687 435 1721 genus
460 1674 545 1708 aliis.
585 1673 653 1707 Sed
676 1671 798 1707 desino
817 1672 860 1705 de
884 1670 982 1704 inani
1007 1676 1207 1705 commento
1231 1670 1284 1704 his
1309 1671 1408 1713 plura
1432 1672 1576 1718 addere,
1598 1686 1646 1710 ne
1665 1664 1673 1671 ’

267 1738 305 1772 in
330 1749 366 1772 re
390 1737 566 1770 luculenta
591 1734 712 1770 videar
736 1743 810 1767 esse
834 1733 913 1778 plus
938 1741 1052 1776 aequo
1077 1731 1256 1766 verbosus⁴

219 1861 251 1900 e)
288 1858 401 1905 Haud
419 1858 551 1904 procul
577 1857 956 1904 Wirceburgo·ortum
983 1867 1057 1890 esse
1098 1856 1280 1895 Cenem,
1316 1860 1474 1889 asserunt
1496 1855 1648 1892 David

268 1920 525 1967 Chytraeus
561 1931 637 1965 pag.
666 1929 738 1963 179.
774 1917 894 1950 chron.
929 1917 1033 1957 Sax.;
1068 1916 1270 1950 Joannes
1304 1915 1568 1951 Fichardus
1604 1919 1647 1952 de

267 1981 354 2015 viris
380 1980 580 2013 illustribus
604 1991 680 2024 pag.
706 1979 782 2019 81.;
825 1978 1002 2011 Paulus
1026 1977 1253 2009 Freherus
1278 1977 1314 2010 in
1339 1976 1501 2015 theatr0;
1526 1983 1561 2011 et
1584 1991 1647 2012 no·

266 2041 408 2079 vissime
459 2039 760 2076 Christianus
807 2037 1025 2074 Boenicke
1065 2037 1272 2073 Geschichte
1316 2038 1378 2071 der
1429 2036 1647 2074 Universitd‘t
