1995 2496
255 194 281 237 4

253 265 405 308 „artium
436 270 470 301 et
497 265 720 301 scientiarum
746 267 867 305 status,
888 258 1024 296 felicior
1052 260 1297 297 infeliciorve=
1321 259 1474 307 pessime
1498 272 1582 297 sane
1607 265 1732 300 nostris

256 326 406 368 „diebus
432 328 546 371 agitur
569 329 613 361 de
635 338 672 361 re
695 323 873 364 litteraria,
898 321 1095 368 meritoque
1110 322 1325 364 verendum,
1350 333 1397 356 ne
1419 322 1459 357 in
1482 329 1635 359 veterem
1658 320 1757 358 bar-'²

257 386 414 428 „bariem
438 387 644 421 relabamur.
668 386 786 428 Quam
802 382 850 416 ob
869 393 945 416 rem
965 382 1105 418 miseret
1121 393 1178 416 me
1196 392 1300 427 saepe
1319 391 1463 423 eorum,
1486 383 1550 428 qui
1573 390 1732 430 tempora

259 451 398 487 „nostra
430 447 474 480 ab
500 445 655 479 omnium
680 442 808 477 artium
832 448 866 477 et
888 436 1113 478 scientiarum
1147 442 1520 488 splendore‘summo,
1543 443 1659 488 ‘quem
1682 444 1734 480 in-

258 506 378 551 „genti
402 505 496 541 vocis
518 502 698 549 animique
729 503 954 539 contentione
979 510 1139 550 crepant,
1164 514 1273 538 aurea
1295 507 1423 537 vocant
1455 507 1488 536 et
1512 502 1729 546 illuminata,

259 580 353 611 „non
379 565 637 609 intelligentes,
661 564 774 610 gradu
798 564 982 611 praecipiti
1004 571 1040 600 et
1063 565 1197 610 magnis
1221 562 1379 612 passibus
1403 563 1446 598 iri
1470 563 1507 599 in
1530 562 1735 599 Cimmerias

254 627 443 671 ‚,tenebras.
483 626 573 660 Sunt
615 626 783 670 equidem
818 637 838 659 e
875 626 993 660 multis
1028 627 1148 672 pauci,
1187 626 1249 671 qui
1283 626 1478 660 litterarum
1513 627 1550 660 in
1586 627 1736 661 deterius

253 686 455 729 „ruentium
480 692 610 721 sortem
635 686 796 721 miseram
822 692 856 721 et
879 693 1086 732 agnoscant,
1109 693 1144 722 et
1168 688 1320 721 doleant.
1355 686 1483 732 Neque
1507 687 1650 730 desunt,
1675 687 1737 734 qui

252 747 414 789 „Latinas
460 748 581 781 Musas
624 747 662 781 in
703 739 885 792 gymnasia
936 748 1103 782 reducere
1137 747 1353 792 adnitantur,
1396 749 1495 782 velut
1530 748 1650 783 scribis
1694 748 1738 781 de
1785 779 1793 785 ,

256 806 565 852 „wirceburgensi
598 806 768 848 antistite3
800 811 834 839 at
864 806 1094 840 vehementer
1124 806 1249 841 dubito
1274 807 1319 841 de
1351 818 1516 842 successu
1542 813 1680 853 optato,
1711 807 1740 841 si

257 868 418 911 „monitis
441 870 579 909 solum,
613 866 750 911 legibus
782 873 843 901 aut
878 866 1023 902 decretis
1056 878 1111 903 res
1141 867 1274 914 agitur,
1309 866 1378 902 nisi
1412 867 1604 914 propositis
1636 868 1740 917 etiam

255 928 440 974 „praemiis
465 934 504 961 et.
524 927 721 962 honoribus
745 927 890 961 menon
907 924 1051 972 ingenia
1071 924 1276 964 excitentur.
1314 927 1455 973 Quotus
1473 927 1568 962 enim
1592 928 1741 974 quisque

258 995 351 1031 „tam
375 988 527 1035 patiens,
551 994 589 1022 ut
611 987 698 1023 velit
721 987 852 1023 discere
875 993 936 1021 aut
954 987 1099 1030 docere,
1121 987 1224 1033 quod
1245 987 1320 1022 n'on
1344 993 1395 1022 est
1418 986 1457 1022 in
1480 987 1644 1023 honore?
1676 989 1742 1023 Po-

257 1049 451 1092 „tissimum
479 1048 634 1084 difficilia
657 1048 687 1082 si
711 1054 807 1089 sunt,
843 1059 934 1093 quae
958 1048 1150 1082 traduntur.
1185 1046 1355 1082 Difficilia
1383 1052 1519 1091 autem,
1549 1060 1640 1094 quae
1666 1049 1741 1096 pul-

257 1110 371 1152 „chra.
410 1111 491 1155 Qua
516 1108 623 1144 animi
637 1108 797 1142 libertate
811 1108 998 1142 insectatus
1014 1107 1120 1143 fuerit
1142 1106 1292 1142 ,Celtis
1316 1108 1392 1152 (Ita
1416 1108 1528 1152 enim,
1552 1120 1626 1145 non
1652 1109 1740 1153 Cel—

256 1177 346 1212 „tes
376 1170 547 1215 appellari
582 1169 730 1211 maluit)
762 1169 981 1213 ignorantiae
1004 1174 1189 1214 patronos,
1229 1169 1292 1214 qui
1313 1168 1475 1203 Latinam
1497 1169 1656 1215 linguam
1679 1176 1739 1207 aut

257 1235 530 1273 ,‚conte1nnunt,
565 1236 627 1264 aut
649 1229 851 1275 negligunt,
886 1228 1113 1275 perspicuum
1139 1235 1192 1264 est
1214 1240 1258 1264 ex
1279 1228 1384 1265 variis
1409 1226 1567 1275 ejusdem
1592 1230 1737 1277 scriptis,

258 1297 314 1334 „et
338 1290 527 1335 praecipue
550 1301 593 1324 ex
620 1291 794 1332 oratione,
819 1301 924 1334 quam
949 1289 1072 1322 habuit
1095 1289 1321 1333 Ingolstadii,
1344 1300 1426 1325 cum
1450 1301 1581 1324 munus
1605 1291 1740 1325 Profes-

255 1350 407 1394 „sorium
432 1361 527 1383 anno
553 1349 839 1384 MCCCCXCH.
864 1349 982 1384 adiret.
1030 1349 1148 1389 Facile
1180 1349 1266 1383 hinc
1290 1348 1380 1383 soret
1411 1341 1599 1395 decerpere
1626 1352 1738 1396 plura,

255 1422 319 1454 „ex
344 1409 473 1455 quibus
499 1416 681 1455 appareat,
707 1421 814 1455 quam
838 1409 883 1442 sit
905 1415 1009 1454 turpe
1031 1408 1108 1450 his,
1141 1407 1203 1453 qui
1224 1408 1365 1442 litterati.
1383 1408 1499 1443 videri
1522 1411 1665 1453 volunt,
1700 1410 1739 1445 in

257 1472 441 1517 „Romana
462 1469 585 1513 lingua
609 1481 684 1504 esse
704 1468 920 1515 peregrinos.
966 1470 1036 1504 Sed
1060 1468 1184 1503 desino
1208 1470 1444 1515 querelarum,
1468 1469 1620 1505 maxime
1645 1471 1738 1517 apud
1758 1473 1765 1480 '

258 1532 345 1574 „Te‚
381 1541 487 1576 quem
512 1529 585 1564 scio
609 1529 769 1564 similiter
791 1528 901 1572 affici,
941 1536 982 1564 ut
1004 1530 1140 1577 parum*
1154 1530 1294 1580 potius,
1330 1541 1438 1576 quam
1454 1530 1561 1566 nimis
1585 1531 1740 1566 doluisse

260 1603 339 1635 „me
363 1591 510 1627 credas.'’
558 1591 741 1626 Hactenus
765 1591 823 1625 ΚΖ
831 1593 856 1625 ic*
862 1604 889 1637 p
886 1591 985 1637 feli
993 1604 1052 1627 us,

347 1683 420 1717 Sed
436 1688 471 1718 et
488 1694 593 1729 saepe
609 1682 711 1725 alias,
732 1688 768 1718 et
791 1684 861 1719 fere
885 1683 1009 1730 quavis
1029 1683 1110 1718 data
1130 1684 1334 1729 occasione,
1359 1689 1434 1720 tum
1450 1685 1594 1732 scriptis,
1606 1686 1641 1725 ⁴*)
1664 1693 1740 1722 tum

261 1757 399 1788 coram,
431 1745 526 1780 hunc
552 1744 670 1779 aetatis
694 1750 832 1780 nostrae
856 1746 1019 1781 morbum
1034 1771 1043 1789 ,
1078 1747 1147 1782 late
1172 1746 1383 1793 dispersum,
1415 1752 1449 1781 et
1469 1746 1508 1781 in
1532 1746 1606 1781 dies
1629 1745 1739 1791 magis

260 1811 474 1841 crescentem
499 1805 719 1851 deplorabat,
753 1811 787 1841 et
810 1807 1037 1844 vehementer
1059 1807 1370 1850 commovebatur,
1404 1820 1506 1849 cum,
1541 1807 1604 1852 qui
1623 1806 1660 1841 in
1679 1808 1739 1840 do·

721 1934 745 1946 ιθ

300 1983 335 2022 ³³)
355 1982 430 2014 vid.
450 1993 479 2012 e.
499 1993 525 2012 c.
543 1982 702 2015 Biblioth.
722 1988 837 2016 eccles.
857 1986 1018 2030 Friburg.
1037 1986 1106 2018 vol.
1120 1985 1153 2016 V.
1175 1985 1282 2017 fascic.
1303 1994 1331 2016 a.
1353 1994 1426 2026 pag.
1445 1987 1500 2015 ³21
1514 1989 1547 2016 et
1563 1984 1629 2018 ³60,
1654 1986 1736 2015 Item

336 2036 473 2077 praefat.
493 2037 565 2068 Vol.
585 2038 656 2069 vll.
