1995 2496
1590 173 1636 212 17

177 239 337 279 versione
349 238 509 272 omnium
524 238 631 273 animi
645 235 844 285 inter‘spem
858 244 1062 285 metumque
1077 236 1227 275 mirifice
1241 237 1451 274 tenebantur
1466 238 1633 284 suspensi.

178 298 341 344 Plerique
372 299 508 345 plagam
545 299 756 335 mortiferam
792 300 890 333 omni
919 300 1114 336 litterarum
1139 303 1264 348 generi
1295 314 1380 337 mox
1410 301 1636 346 infligendam

177 359 395 402 divinabant,
418 360 584 405 quaevix
599 373 639 396 ac
655 371 701 395 ne
719 359 780 395 vix
797 359 938 405 quidem
963 365 1138 407 percurari
1161 376 1320 410 unquam
1341 364 1458 410 possit.
1505 362 1636 397 Contra

178 432 253 456 non
274 416 392 466 pauci,
416 421 550 456 acutius
572 414 748 463 videntes,
770 419 973 467 conjecturis
996 424 1198 458 laetioribus
1222 425 1458 467 ducebantur,
1483 429 1518 458 et
1531 423 1639 457 scien-

177 479 233 514 tiis
256 480 435 526 antiquam
458 479 607 525 gloriam
630 480 1132 527 pristinumque,splendorem
1152 485 1249 529 quasi
1269 484 1490 530 postliminio
1506 483 1640 518 restitu-

173 546 248 575 tum
270 541 333 584 iri,
363 541 668 586 praenunciabant.
722 541 935 588 Cumprimis
961 542 1052 578 bene
1074 543 1258 590 sperabant
1282 546 1326 579 de
1348 530 1578 579 instaurandis
1604 549 1640 578 et

175 600 407 653 reformandis
428 600 553 635 studiis
577 600 835 645 sacratioribus,
860 615 939 638 cum
962 603 1109 647 Jesuitas
1132 604 1170 639 in
1193 604 1289 639 terris
1313 605 1470 640 Austriae
1494 617 1514 639 a
1528 603 1640 639 cathe-

176 660 246 696 dris
269 660 475 706 theologicis
500 663 604 707 plane
632 664 773 697 exulare
799 662 915 710 jussos
951 664 1191 711 intelligerent.
1248 665 1426 711 Klupse
1434 665 1470 699 li
1476 677 1525 699 us
1548 669 1641 700 certe

141 716 147 721 ¹
176 732 218 757 ea
241 723 285 756 de
299 733 339 757 re
353 734 565 769 magnopere
581 725 788 765 laetabatur,
813 737 888 759 non
905 717 1002 769 quo'd
1012 725 1087 772 jam
1102 726 1316 761 adversarios
1332 738 1405 761 non
1422 726 1584 767 haberet3
1597 747 1640 755 -

179 781 279 829 Quid
303 782 398 817 enim
421 783 492 830 ipsi
520 795 627 830 porro
658 784 703 818 ab
734 784 788 818 his
820 786 1048 820 metuendum
1079 785 1176 821 erat?
1207 809 1253 815 —
1285 787 1348 821 sed
1372 784 1478 832 'quod
1511 785 1643 831 optime

176 843 390 888 prospiceret
415 837 556 886 animo,
581 845 680 878 aliter
705 845 794 878 illud
817 853 986 880 sectarum
1009 847 1182 888 studium,
1206 859 1419 891 magnasque
1446 847 1522 880 illas
1544 846 1643 880 scho-

178 901 378 937 lasticorum
392 914 503 948 nugas
520 914 539 937 e
559 902 686 937 scholis
707 902 809 938 sacris
832 903 1024 946 eliminari,
1048 904 1147 938 aliter
1167 892 1265 938 suam
1287 904 1485 948 theologiae
1507 904 1646 950 ipsique

178 957 342 1007 relig‘ioni
366 964 570 1009 dignitatem
594 976 634 1000 ac
658 961 871 1011 majestatem
895 965 1010 1000 redire
1033 977 1106 1001 non
1131 977 1243 1012 posse.

270 1088 370 1123 Haec
391 1100 471 1133 cum
500 1088 538 1122 in
567 1088 657 1122 votis
691 1088 848 1130 haberet,
875 1093 910 1122 et
943 1088 1074 1134 optima
1098 1096 1259 1134 quaeque
1280 1094 1436 1133 speraret
1463 1086 1644 1130 Klffipfe·

182 1147 218 1182 li
227 1161 290 1192 us,
321 1148 411 1184 serio
432 1147 504 1195 jam
535 1148 749 1192 cogitabatur
786 1148 817 1182 V
820 1148 1020 1182 indobonae
1051 1150 1095 1182 de
1128 1149 1289 1189 maculis,
1320 1148 1449 1193 quibus
1483 1146 1644 1180 delendis

178 1208 253 1252 ipsa
279 1208 698 1252 docentiumpervicacia·
721 1209 837 1242 adhuc
862 1209 1056 1249 obstiterat,
1087 1222 1107 1241 a
1138 1210 1314 1253 theologia
1346 1209 1487 1253 penitus
1520 1207 1648 1240 abster-

178 1266 310 1312 gendis.
352 1266 564 1301 Gravissimo
590 1265 752 1300 omnium
775 1266 921 1311 negotio
946 1266 1080 1311 Regina
1104 1274 1140 1302 et
1162 1267 1369 1313 Imperatrix
1393 1266 1648 1312 sapientissima

180 1338 264 1373 prae
291 1327 411 1362 ceteris
435 1327 635 1373 praesidere
658 1326 760 1373 jussit
783 1327 1097 1361 Franci-scum
1119 1328 1412 1372 Stephanum
1442 1327 1649 1360 Raucen-

181 1387 395 1432 serani-h,
419 1390 591 1424 Abbatem
619 1387 919 1424 Braunaviensem
944 1389 983 1422 in
1006 1388 1195 1430 Bohemia‚
1228 1388 1346 1422 virum
1371 1399 1445 1421 non
1467 1388 1583 1420 minus
1606 1385 1651 1418 ab

184 1449 388 1483 eruditionis
413 1450 616 1495 praestantia
641 1455 675 1482 et
698 1447 885 1485 subtilitate
905 1447 1049 1495 judicii,
1075 1462 1181 1494 quam
1206 1448 1314 1482 animi
1333 1448 1486 1482 candore
1502 1458 1655 1480 morum-

185 1520 254 1554 que
279 1509 473 1554 integritate
497 1508 793 1549 laudatissimum,
829 1507 890 1551 qui
916 1521 1014 1542 curas
1046 1520 1170 1541 omnes
1205 1513 1239 1540 et
1267 1507 1493 1550 cogitationes
1524 1516 1568 1538 eo
1601 1505 1653 1537 in·

185 1569 315 1610 tendit,
350 1575 410 1611 ut,
448 1567 583 1614 rejectis
617 1574 650 1602 et
679 1567 882 1610 contemtis,
918 1568 963 1601 de
997 1567 1125 1612 quibus
1157 1572 1257 1602 antea
1294 1565 1463 1607 diximus,
1500 1563 1651 1610 ineptiis,

188 1628 391 1673 disciplinae
421 1629 637 1672 theologicae
667 1639 796 1662 novam
831 1627 1083 1672 melioremque
1107 1627 1255 1661 formam
1279 1628 1482 1668 induerent,
1518 1631 1552 1660 et
1579 1625 1653 1659 feli-

188 1689 260 1724 cius
286 1688 442 1734 quotidie
466 1688 731 1723 efflorescerent.
804 1687 874 1721 Eos
908 1688 1016 1728 inter,
1046 1688 1109 1733 qui
1142 1693 1323 1723 strenuum
1353 1684 1558 1732 antiquioris
1589 1697 1653 1731 pu-

188 1749 358 1795 riorisque
394 1748 574 1797 doctrinae
609 1754 813 1783 assertorem
852 1760 894 1783 ac
929 1748 1111 1783 vindicem
1148 1749 1270 1783 studiis
1300 1761 1340 1782 ac
1369 1746 1549 1781 laboribus
1580 1745 1651 1778 suis

187 1808 412 1855 adjuvarent,
437 1806 535 1845 facile
559 1815 632 1843 tum
657 1809 848 1844 excellebat
870 1809 1146 1853 Klic'pfelius.
1192 1808 1332 1843 Etenim
1354 1806 1426 1852 jam
1446 1808 1553 1839 altero
1573 1810 1654 1850 post

189 1868 322 1903 abitum
353 1871 562 1905 Jesuitarum
596 1881 711 1912 amm,
755 1870 844 1904 inito
875 1882 954 1925 cum
987 1869 1228 1918 Rieggero
1265 1875 1299 1903 et
1330 1868 1431 1900 Dan
1445 1878 1658 1912 nenmay-

189 1942 270 1964 ero
305 1930 445 1964 foedere
478 1930 616 1964 initium
659 1930 755 1964 dedit
794 1930 961 1968 edendae,
984 1942 1092 1963 novae
1131 1928 1359 1963 bibliothecae
1399 1926 1656 1962 ecclesiasticae

192 1989 444 2038 Friburgensi‚
468 1990 506 2023 in
530 2001 597 2034 qua
621 1989 707 2023 novi
732 1991 864 2036 quique
887 1991 986 2032 libri,
1019 1983 1063 2023 ad
1087 1990 1294 2034 religionem
1319 1995 1354 2023 et
1377 1987 1559 2073 etgssesiam
1582 1989 1656 2021 ullo

271 2050 385 2080 Paos.
406 2050 434 2080 I.
